3108 4662
614 300 846 364 -121-

162 484 274 547 πόνων
283 482 420 563 ἄμπαυμα
428 484 631 565 παρηγορος
643 481 866 561 dmoccontigit.
879 487 1012 547 Versus
1022 503 1185 548 surorum
1194 492 1291 547 sutem

44 658 47 662 ,
163 577 219 660 (ηῶ
239 577 413 659 ἀρχομένην)
432 597 498 641 cnm
519 582 576 639 iam
599 580 759 654 profundus
779 582 830 641 ille
849 597 974 655 somnus,
994 597 1051 654 quo
1070 581 1200 642 homines
1213 581 1292 641 vela

161 674 329 736 somniando
341 674 540 749 prohibentur,
559 676 691 748 puellam
707 675 892 759 deseruisset,
913 676 988 735 dnae
1001 677 1176 735 somniorum
1187 679 1292 750 portae

161 775 283 844 apertae
301 777 369 831 suut
382 776 413 830 et
424 771 594 845 prodierunt
607 772 718 831 somnia
730 770 807 831 bona
827 776 858 831 et
876 771 958 833 lalus.
988 773 1044 832 Illa
1064 777 1160 830 sutem
1181 768 1290 830 falsis

160 866 277 925 mmuiis
288 865 413 939 decepta
421 869 544 924 nubem
555 865 645 925 oculis
658 881 778 925 eernere
791 865 846 925 sihi
860 866 923 925 visa
937 868 983 925 est
993 871 1065 926 etc«
1081 898 1115 908 -
1128 865 1291 925 Praeterea

161 963 230 1032 post
241 955 457 1035 δολοφροσύνης
476 958 533 1018 duo
554 958 738 1017 hemistichia
752 959 875 1031 periisse
887 958 1023 1030 indicavi,
1044 957 1147 1031 quibus
1168 959 1291 1018 alteram

160 1054 335 1113 somniorum
344 1058 458 1126 portam
469 1068 504 1112 ex
516 1053 672 1127 elephanto
682 1051 788 1112 iactam
799 1069 864 1112 esse
876 1054 1041 1112 necessario
1053 1050 1205 1111 dicendum
1216 1055 1289 1110 erat.

163 1179 196 1189 —
217 1144 280 1205 369
295 1144 488 1226 ἀκηχερενησι
504 1147 551 1218 Μ;
566 1144 810 1223 βλεφάροισινΜ;
827 1181 860 1191 -
880 1144 943 1205 370
957 1144 1095 1211 πολλακις
1107 1145 1150 1218 Μ,
1169 1141 1290 1215 πολλάκι

161 1240 200 1312 Ρ;
219 1237 368 1298 ὑπνωοισιν
387 1240 429 1314 M,
449 1237 595 1298 ὑπνώουσι
616 1240 682 1311 ΟΡ,
702 1237 836 1298 ὑιινόουσι
857 1242 895 1314 Q,
924 1238 994 1318 δφαλ
1013 1239 1163 1297 κλαίουσαι
1182 1239 1230 1310 Μ;
1254 1271 1285 1280 -

159 1332 217 1394 371
237 1332 254 1412 η
274 1334 358 1395 codd.
378 1341 409 1395 et
423 1336 497 1408 edd,
519 1332 535 1412 i)
557 1351 626 1407 0303
643 1354 697 1411 μεν
712 1336 759 1407 Μ;
780 1332 952 1394 ἀλιτεύουσα
965 1336 1038 1409 ΜΩ,
1059 1331 1238 1412 ἀλητεύουσα
1252 1333 1288 1401 Α,

160 1424 338 1505 δνητεὺουσα
358 1428 400 1501 G3
432 1426 653 1507 δοιὶρροσύνησιν
678 1433 754 1499 (curn
774 1429 872 1502 glossa
895 1428 1061 1505 διοβοολοῒς
1084 1429 1114 1486 in
1141 1428 1176 1500 O)
1203 1425 1286 1486 codd.

160 1521 233 1581 dett
255 1527 286 1581 et
307 1521 372 1581 edd.
394 1529 462 1583 ante
475 1523 612 1595 Bekker,
633 1525 682 1596 qui
702 1524 779 1597 quod
799 1524 856 1583 iam
870 1524 990 1598 Leunep
1010 1522 1182 1595 coniecerat,
1203 1519 1286 1578 δολο-

161 1611 334 1694 φροσύνησιν
357 1616 438 1675 exM
457 1618 577 1690 recepit.
595 1650 626 1659 —
650 1615 712 1677 372
730 1635 842 1693 μητερα
855 1617 897 1690 Μ,
914 1615 1041 1694 ρητέραν
1063 1615 1197 1687 GLNR;
1218 1622 1286 1673 ωἲσ-

161 1727 234 1765 oceo
248 1708 289 1781 Μ,
305 1705 413 1767 ὠῒσοιτο
427 1710 484 1782 GQ
497 1710 624 1784 Bekher,
638 1711 743 1781 Lehrs,
755 1731 774 1766 ο
786 1711 817 1768 in
831 1727 931 1784 marg,
945 1706 1073 1767 ὠΐσσοιτο
1086 1710 1164 1781 rell.;
1186 1707 1287 1767 τοιαδὲ

158 1802 202 1872 Μ,
215 1800 315 1859 τοιάδε
330 1803 369 1875 Q3
387 1835 417 1844 -
435 1801 494 1862 373
510 1810 576 1882 ἴαχε
590 1801 728 1881 δαρβησα
740 1805 787 1876 Μ;
802 1802 944 1883 ἀχνυμενη
958 1804 1005 1876 Μ;
1025 1802 1115 1862 εοῖισα
1127 1804 1168 1861 Μ.
1195 1804 1285 1864 Tour-

161 1897 225 1955 uier
244 1915 273 1971 p.
288 1903 335 1956 46.
356 1898 393 1955 47
415 1916 469 1972 περ
488 1904 556 1970 post
575 1895 623 1955 καλ
642 1899 768 1970 positum
787 1914 844 1957 non
863 1898 920 1956 nisi
946 1913 1156 1970 quamquam
1177 1896 1287 1969 signifi·

159 2006 227 2050 carc
248 2006 335 2064 posse
356 1996 387 2049 et
401 1995 555 2063 praeterea
569 1986 660 2047 ἐοῦσα
673 1993 797 2051 otiosum
811 2008 875 2050 esse
889 1991 1074 2061 contendens,
1095 1986 1161 2067 ἴαχε
1175 1986 1287 2067 bapsti-

159 2103 249 2154 oooa,
276 2082 520 2164 συναχνυμένη
545 2082 725 2164 παρεούση
751 2086 837 2145 scribi
857 2086 950 2144 iussit.
972 2118 1006 2126 —
1035 2081 1098 2143 374
1115 2077 1219 2160 χδῖζον
1239 2082 1285 2155 Μ,

158 2177 315 2257 ὀδυρομένη
336 2180 375 2252 (23
401 2177 449 2236 καλ
468 2196 522 2253 pro
543 2198 583 2254 με
602 2179 673 2251 AQ3
698 2177 786 2256 δόμον
806 2179 852 2251 Μ,
878 2175 1053 2254 ὀδυρομένην
1077 2176 1115 2233 τί
1134 2175 1231 2253 δόμων
1248 2177 1285 2252 μ’

159 2268 288 2331 ἔκτοσθε
307 2274 438 2351 φυγοῦσα
458 2273 646 2335 desiderabat
666 2271 798 2333 Graefins
817 2289 846 2346 p.
866 2279 931 2333 258.
956 2268 1085 2329 ἐκτόσδε
1104 2269 1151 2343 Μ,
1176 2264 1284 2328 ἔκτοδε

158 2401 297 2476 NPSW3
322 2401 469 2481 φυγοῦσαν
488 2402 529 2476 V,
555 2365 703 2481 porododv
724 2401 757 2472 S,
777 2364 976 2479 φυγοῦσιλνΜ,
995 2361 1134 2517 φηγοῦσλν
1153 2399 1177 2457 Ρ
1196 2403 1284 2470 (corr.

157 2547 194 2588 m.
214 2534 294 2602 sec).
326 2563 356 2572 —
383 2528 443 2590 375
465 2528 588 2595 κάλλπες
607 2530 653 2602 Μ;
680 2527 847 2587 δπνωουσαν
867 2528 915 2600 Μ,
941 2523 1072 2585 ὑπνώσαν
1093 2527 1118 2599 Q
1139 2530 1224 2598 (corr.
1246 2542 1283 2584 m.

156 2641 200 2697 pr.
214 2629 247 2683 nt
259 2623 345 2695 vid.);
366 2620 436 2699 ὑπερ
449 2623 496 2694 Μ;
512 2621 620 2701 λαχίων
633 2624 668 2696 A,
683 2619 787 2700 λεχίων
802 2637 838 2680 ex
854 2619 961 2698 λαχίων
976 2620 1014 2692 Q3
1035 2619 1191 2696 γενητῆρυς
1206 2619 1235 2679 3.
1253 2651 1282 2660 -

154 2716 201 2776 De
221 2717 276 2776 hoc
295 2734 382 2776 versu
402 2718 444 2776 sic
464 2716 625 2776 Schneider
644 2734 673 2790 p.
689 2722 759 2775 416:
788 2715 906 2774 »Potuit
919 2728 989 2771 sane
1003 2712 1177 2780 inabsentis
1189 2713 1283 2786 patris

156 2809 233 2870 lecto
257 2811 365 2869 cubare
385 2810 556 2883 Hermione,
584 2809 636 2868 sed
661 2808 722 2867 veri
749 2813 850 2867 tamen
876 2813 921 2866 est
948 2805 1069 2864 similius
1096 2806 1229 2864 cubuisse
1253 2806 1284 2864 iu

154 2905 256 2963 matris
276 2905 383 2964 lectulo
403 2921 461 2963 nna
480 2920 544 2962 enm
564 2905 629 2978 ipsa
647 2908 741 2963 matre
755 2899 803 2977 (ci.
818 2918 844 2960 v.
861 2905 930 2973 332)
951 2906 984 2959 ut
997 2897 1107 2978 λεχέων
1123 2897 1284 2976 γενετεζοης
1347 2932 1349 2936 ⁴

152 2996 337 3057 scribendum
357 2998 449 3056 videri
469 2999 569 3072 possit
601 3004 633 3056 at
652 3000 749 3070 potest
769 2995 867 3068 etiam,
888 2995 918 3053 id
939 2993 1016 3067 quod
1034 2992 1131 3067 magis
1145 2994 1232 3053 credo
1247 2994 1284 3053 de

155 3093 296 3151 communi
315 3092 408 3165 patris
428 3092 587 3164 matrisque
606 3092 684 3150 lecto
705 3091 812 3163 geniali
831 3089 972 3163 cogitari,
1000 3088 1030 3146 in
1057 3104 1142 3159 quem
1163 3088 1284 3147 ahsente

154 3186 289 3246 Menelao
316 3185 404 3247 filiam
428 3186 574 3258 receperit
600 3184 721 3243 Helena.
751 3184 828 3257 quod
856 3186 881 3242 si
907 3187 967 3253 est,
997 3182 1200 3255 corrigendum
1227 3181 1284 3239 erit

154 3275 226 3356 ὑπὲρ
257 3278 361 3359 λέχεος
390 3277 558 3356 γενετηρων.
593 3295 659 3339 nam
685 3278 837 3353 γενετῆρες
866 3282 1003 3350 parentes
1033 3281 1109 3334 sunt.
1157 3272 1193 3332 of.
1218 3274 1284 3332 Mu·

154 3378 314 3432 sse-125«.
355 3373 485 3431 Alteram
507 3371 676 3431 Schneideri
696 3372 891 3429 coniecturam
910 3368 1085 3441 improbavit
1109 3365 1221 3426 Tiedhe
1241 3367 1283 3437 (in

156 3464 267 3525 Hermo
276 3467 350 3532 ,XIII
370 3485 399 3540 p.
414 3470 482 3540 274)
496 3469 565 3539 qnia
580 3473 773 3540 »anapaestus
788 3465 888 3536 λέχεος
906 3465 1007 3524 ultima
1021 3463 1134 3536 syllaba
1148 3468 1283 3535 correpta

154 3574 190 3619 eo
216 3561 266 3632 qui
290 3560 416 3619 usditur
442 3557 548 3631 λεχέων
576 3560 705 3620 deterior
728 3559 879 3620 habendus
905 3564 951 3618 est
977 3563 1015 3630 (v.
1044 3558 1163 3631 Quaest.
1188 3556 1281 3615 Noun.

153 3666 183 3725 p.
203 3657 335 3726 assub«.
374 3654 477 3726 Neque
504 3654 689 3713 sollicitanda
713 3654 782 3712 mihi
807 3653 922 3712 videtur
946 3653 1079 3724 vulgata,
1106 3667 1170 3709 cum
1196 3647 1282 3727 λέχεα

155 3747 309 3825 γενετῆρος
333 3747 402 3805 lecti
427 3747 549 3818 genialis
575 3753 688 3821 partem
713 3763 798 3819 quarn
824 3746 976 3805 Menelaus
997 3760 1140 3819 occupare
1159 3743 1282 3816 solebsi,

159 3838 321 3912 significare
335 3840 454 3912 possint.
485 3839 628 3899 Teurnier
641 3847 737 3900 tamen
758 3858 786 3913 p.
800 3841 837 3898 47
858 3840 1022 3900 vocativum
1036 3837 1218 3908 desiderans,
1238 3856 1283 3913 γε·

154 3928 269 4010 νέτειρο
282 3950 335 4007 pro
350 3933 503 4011 γενετῆρος
522 3934 648 4008 scripsit,
670 3942 700 3995 et
719 3951 783 3993 cum
803 3934 846 3992 sic
866 3937 978 3992 mutata
991 3933 1110 4005 vulgata
1123 3932 1208 3990 nimis
1221 3931 1283 3989 lau·

153 4026 273 4099 gnidum
297 4025 374 4086 foret
391 4022 559 4083 ὑπνώουσαν
579 4025 649 4104 ὑπὲρ
675 4025 801 4107 λεχέων,
826 4026 949 4101 primum
973 4023 1153 4104 ἀπηλεγέως,
1178 4028 1283 4098 postea
