3108 4662
624 374 677 421 -Ι
711 341 748 401 71
794 375 837 385 ..

165 540 254 594 ουτω
287 520 379 600 κακήν
404 543 431 579 π.
453 521 588 601 γενέθλην
613 524 675 582 rell.
701 525 787 584 codd.
809 558 843 567 -
870 527 950 584 Nihil
977 528 1032 586 hoc
1056 544 1140 586 versu
1165 528 1294 602 putidius

166 617 234 689 fingi
256 634 341 690 posse
360 618 507 676 Hermann
528 618 702 676 contendens
722 636 751 690 p.
768 626 802 678 16
823 618 977 696 φοιταλέην
996 618 1130 696 πολέμοιο
1151 640 1294 677 κακοπτο-

173 709 269 786 λέριοιο
291 709 426 788 γενέθλην
447 711 535 769 scribi
553 711 646 785 iussit,
667 711 744 782 quod
763 718 861 769 tamen
881 729 937 772 non
951 715 1062 786 recepit
1076 714 1179 786 Lehrs,
1199 730 1294 786 neque

166 805 325 863 Schneider
349 805 496 877 probavit,
528 804 577 875 qui
601 804 674 862 haec
698 822 726 877 p.
746 806 811 863 43⁷.
838 811 908 865 438:
940 806 1011 864 »sed
1037 807 1139 865 vellem
1170 807 1293 864 dixisset

171 898 336 972 [Hermann]
359 899 452 956 iubis
473 898 542 969 quid
563 896 697 974 γενέθλην
722 896 907 969 significaret.
938 901 1049 957 namsi
1070 900 1294 972 genetricem

168 992 228 1050 sive
249 998 368 1051 ortum
388 1007 576 1050 causamve
596 990 758 1063 significare
779 991 882 1064 voluit,
909 997 941 1048 ut
961 992 1075 1049 videtur
1101 992 1225 1050 voluisse
1246 1008 1294 1050 vo·

168 1086 343 1158 lueruntque
365 1085 491 1144 Colluthi
517 1086 691 1157 interpretes
713 1089 743 1142 et
764 1084 930 1157 Spitznerus
951 1086 1071 1142 Excurs.
1088 1084 1130 1142 IX
1151 1085 1187 1142 ad
1208 1083 1291 1141 iliad.

165 1195 194 1250 p.
208 1179 288 1247 XIV,
311 1196 375 1237 eam
395 1180 461 1237 huic
480 1181 544 1238 voci
564 1177 802 1251 significationem
817 1178 959 1250 attribuit,
981 1194 1055 1251 quae
1070 1184 1100 1236 et
1115 1179 1151 1235 ab
1165 1179 1290 1249 reliquo·

166 1289 230 1330 rum
251 1291 304 1330 usu
324 1278 476 1346 poetarum
497 1272 559 1343 (cir.
581 1272 669 1346 Spita.
684 1273 703 1330 l.
718 1273 749 1343 1.)
771 1278 800 1329 et
821 1287 889 1330 vero
903 1287 921 1328 a
936 1270 1062 1329 colluthi
1083 1270 1290 1329 consuetudine

166 1367 253 1438 plane
280 1368 447 1426 abhorreat:
474 1365 509 1425 cf.
531 1384 555 1425 v.
572 1375 597 1424 1.
620 1375 664 1425 2ο.
686 1373 750 1426 259.
773 1372 837 1425 268.
859 1372 924 1424 281.
952 1371 1016 1423 299.
1043 1371 1108 1423 353.
1136 1372 1202 1423 381.
1233 1364 1293 1422 vul·

167 1476 266 1534 garam
287 1469 384 1520 autem
405 1478 515 1533 usuque
536 1462 634 1518 tritam
655 1459 901 1532 significationem,
922 1475 1009 1530 quum
1029 1458 1075 1515 hic
1089 1458 1165 1514 tueri
1185 1472 1292 1529 neque·
1355 1512 1358 1517 .

168 1570 259 1626 amus,
281 1555 354 1613 banc
367 1555 463 1628 potius
478 1570 585 1624 vocem,
606 1569 691 1624 quam
706 1569 777 1624 quas
791 1553 972 1610 Hermannus
987 1551 1112 1610 correxit
1126 1557 1293 1625 corruptam

167 1647 343 1720 putabimus.
374 1664 408 1705 ac
429 1648 502 1706 viam
523 1653 664 1706 monstrat
685 1646 856 1706 emendandi
867 1648 939 1720 'ipse
960 1646 1124 1717 Collutbus,
1146 1645 1194 1716 qui
1215 1661 1240 1704 v.
1255 1651 1292 1704 62

167 1743 274 1802 malum
295 1742 372 1802 istud
398 1743 527 1816 appellat
549 1740 646 1816 μόθου
670 1740 875 1819 πρωτόσπορον
902 1739 1002 1819 ἀργήν.
1033 1757 1099 1798 nam
1120 1745 1153 1797 ut
1172 1738 1293 1815 paralip

165 1838 269 1897 alludit
289 1836 326 1895 ad
347 1835 551 1914 πρωτόσπορον
572 1837 658 1910 illud,
679 1839 721 1895 ita
741 1856 794 1910 pro
816 1835 936 1913 γενέθλη
958 1841 1143 1910 expectamus
1166 1835 1292 1905 aliquam

167 1947 266 1991 vocem
288 1949 362 2004 quae
383 1930 474 2010 ἀργήν
495 1931 647 2005 significet.
680 1948 743 1989 eam
764 1938 859 1990 autem
881 1932 950 1988 mihi
964 1931 1079 2002 quidem
1094 1927 1294 2001 suppeditavit

164 2026 283 2084 Nouuus
310 2026 395 2084 Dion.
416 2034 467 2098 29,
493 2035 549 2086 324
575 2023 735 2101 ι’νδυφόνοιο
764 2022 926 2100 θεμείλια
958 2022 1159 2101 δηιοτῆτος.
1186 2020 1225 2078 id.
1246 2026 1292 2091 40,

166 2125 222 2177 254
243 2115 406 2195 ἑπταέιηρα
427 2118 589 2193 θεμείλια
609 2117 798 2195 δηιοτήτος
819 2123 848 2175 ct
868 2125 920 2189 43,
941 2125 958 2176 3
978 2114 1149 2191 πολέμοιο
1171 2110 1293 2190 θεμεί-

166 2213 224 2271 λια
242 2212 328 2292 πήξεν
344 2209 441 2272 Ἐνυώ.
473 2230 556 2285 quem
578 2220 693 2273 secutus
713 2213 791 2270 haud
811 2218 980 2271 cunctanter
993 2211 1134 2269 rescribo:
1156 2204 1294 2285 φυταλιήν

165 2304 308 2383 πολέμοιο,
332 2309 444 2365 κακοῦ
462 2307 594 2385 πολέμοιο
610 2306 805 2383 θέμεθλυν,
826 2308 870 2364 cui
885 2306 981 2364 versui
995 2306 1020 2363 si
1034 2304 1103 2377 quid
1117 2296 1293 2361 iudicabitur

169 2403 265 2460 inesse
285 2402 389 2475 putidi,
411 2403 593 2460 iudicandum
615 2408 659 2460 est
680 2403 768 2460 etiam
788 2403 883 2459 inesse
903 2402 960 2458 illis
972 2398 1069 2476 μόθου
1084 2396 1291 2474 πρωτόσπορον
1337 2438 1340 2444 .

166 2492 257 2572 ἀργήν
279 2497 401 2568 aliisque
422 2498 561 2569 plurimis,
582 2497 611 2553 in
632 2496 735 2567 quibus
754 2497 863 2568 placuit
877 2496 933 2554 sibi
946 2495 1093 2552 luxurians
1107 2493 1203 2550 Nonni
1217 2492 1292 2549 eius-

167 2604 222 2659 que
256 2591 433 2648 asseclarum
467 2591 620 2662 ingenium.
661 2596 789 2647 ceterum
818 2589 843 2646 si
873 2589 936 2660 quis
966 2591 1117 2660 praestare
1147 2585 1293 2658 putaverit

169 2680 307 2759 φυταλιὴν
320 2681 456 2759 πολέμοιο
470 2681 596 2761 κακήν,
617 2680 752 2758 πολέμοιο
773 2679 964 2757 θέμεθλον,
985 2683 1009 2738 is
1024 2678 1222 2737 admonendus
1237 2679 1293 2736 erit

167 2778 262 2850 legem
283 2794 347 2835 esse
368 2778 541 2837 rhetoricam
563 2785 595 2836 ut
608 2779 714 2836 iterato
729 2778 834 2836 nomini
848 2777 1049 2850 praedicatum
1063 2774 1215 2845 adiciatur,
1235 2788 1292 2843 quo

169 2888 220 2928 cur
240 2873 364 2930 iteretur
384 2879 526 2945 appareat
547 2871 714 2941 (Hermann.
736 2871 773 2928 ad
787 2872 897 2928 Mosch.
911 2889 940 2943 p.
956 2875 1022 2941 50)«
1046 2868 1214 2928 Schneideri
1228 2861 1293 2927 con-

168 2967 317 3038 iecturam,
339 2973 371 3023 ut
391 2982 444 3039 par
466 2971 539 3032 erat,
559 2967 664 3038 recepi.
679 2998 716 3007 -
738 2963 796 3024 170
817 2964 851 3022 δε
861 2964 951 3042 μηλον
964 2983 1075 3046 εχουσα
1089 2980 1175 3040 τοσην
1189 2978 1293 3018 ανενει-

168 3113 241 3150 κατο
255 3095 288 3151 Μ
295 3111 302 3164 ;
324 3092 430 3170 τόσσην
449 3093 597 3151 AOLNP
618 3094 694 3166 Ald,
715 3057 801 3170 τόήην
819 3094 853 3166 S,
874 3091 960 3170 τόσην
981 3094 1069 3151 etiam
1088 3092 1126 3163 Q,
1149 3089 1201 3149 sed
1220 3106 1241 3145 σ
1258 3105 1294 3147 ex

170 3194 336 3247 correctura
357 3192 403 3244 est
423 3204 440 3244 a
461 3189 623 3259 glossatore
643 3186 725 3260 profe
744 3194 783 3245 ta.
801 3221 833 3229 -
857 3185 1014 3264 ἀνενήνατο
1033 3191 1100 3259 post
1114 3200 1186 3243 corr.
1203 3183 1241 3254 Q3
1255 3213 1293 3222 -

168 3277 296 3357 171ηρη
323 3298 523 3355 κερτομέουσα
544 3287 574 3338 et
593 3281 770 3358 αντιάνειραν
790 3282 837 3353 Μ;
867 3315 898 3322 -
926 3279 984 3339 172
1006 3278 1105 3347 ειξατέ
1123 3279 1169 3349 Μ,
1195 3274 1292 3343 εἴξατο

167 3381 234 3434 ante
260 3391 332 3434 corr.
355 3374 392 3446 0,
419 3372 514 3441 εἴξατε
535 3376 576 3446 (λς
602 3375 655 3457 καί
674 3393 727 3449 pro
751 3396 800 3451 μοι
818 3375 858 3446 V3
884 3374 1018 3449 πολεμοιυ
1043 3374 1087 3444 Μ,
1114 3368 1232 3445 πολέμοι
1252 3370 1292 3440 V;

167 3467 310 3545 συνήθευς
329 3469 370 3538 Μ,
393 3467 533 3546 συνήθεες
553 3469 635 3529 codd.
657 3470 728 3529 dett.
752 3476 781 3528 et
801 3468 867 3527 edd.
889 3484 996 3540 omneS,
1017 3469 1064 3524 vix
1083 3470 1170 3523 recte.
1211 3461 1293 3521 πολέ-

163 3583 230 3636 μοιο
246 3560 387 3639 συνήθεες
400 3563 572 3636 aprioribus
587 3564 794 3636 interpretibus
809 3563 916 3620 bellis
931 3559 1170 3619 adsuefactos
1185 3548 1311 3631 [bello⁸

167 3654 400 3714 adsuefactae
422 3657 508 3715 etiam
528 3656 642 3730 Labra]
661 3673 774 3714 versum
796 3673 861 3714 esse
881 3655 1058 3729 vituperavit
1071 3655 1163 3712 lulien
1182 3672 1210 3727 p.
1226 3661 1293 3730 103,

166 3764 230 3807 cam
250 3749 298 3806 vix
317 3754 397 3806 recte
419 3749 501 3806 bellis
523 3749 693 3809 adsuefacta
712 3750 809 3808 vocari
830 3751 922 3822 possit
940 3750 1026 3821 Iuno,
1048 3765 1122 3820 quae
1142 3746 1227 3807 modo
1251 3747 1293 3803 ita

168 3857 266 3899 amare
287 3843 316 3898 in
337 3843 444 3900 bellum
466 3849 495 3901 et
515 3844 671 3903 bellatores
693 3845 808 3902 invecta
828 3851 898 3901 erat.
931 3842 989 3901 Sed
1010 3842 1087 3914 quod
1107 3842 1199 3899 lulien
1220 3841 1293 3900 alios

171 3942 288 3994 secutus
309 3933 432 4013 πόλεμον
452 3937 589 3996 hocloco
610 3939 697 3996 trium
719 3937 837 3995 dearum
858 3942 1004 3994 certamen
1018 3935 1181 4008 significare
1194 3933 1293 4003 voluit,

166 4029 212 4086 vel
233 4026 373 4106 συνήθεες
393 4031 524 4089 absolute
544 4032 614 4103 poni
639 4037 670 4089 et
696 4031 829 4107 πολέμοιο
854 4046 947 4101 aeque
973 4046 1008 4088 ac
1033 4029 1112 4108 νίκης
1137 4029 1174 4088 ad
1198 4025 1294 4096 εέἷατε
