3122 4656
780 328 991 390 ..46-

443 510 516 578 Ζεδς
535 511 569 571 δὲ
589 512 667 572 θεῶν
687 513 735 571 καὶ
755 516 849 578 νεῖκος
869 511 953 586 ἴδεν,
976 511 1024 569 καὶ
1042 513 1130 570 ποῖδοι
1151 513 1299 580 καλέσσας

447 641 478 649 -
599 642 632 650 ψ
674 640 710 651 -
752 641 785 649 -
850 641 860 648 -
959 606 1147 682 προσέννεπεν
1162 605 1320 682 Ἑρμάωνα.

321 733 385 775 nam
407 717 482 790 quod
504 715 580 774 θεῶν
601 718 795 790 praepositum
818 723 863 774 est
881 712 1072 790 voculae‘xoe‘,
1093 719 1149 774 iam
1165 718 1290 776 Homero
1305 719 1446 777 usitatum

321 810 374 868 hoc
393 811 546 883 hyperbati
567 828 657 883 genus
679 819 731 883 est,
753 827 808 882 quo
830 812 857 866 in
872 811 1008 868 oratione
1024 811 1184 882 bimembri,
1205 827 1279 882 quae
1293 813 1445 883 particulis

321 905 497 962 correlativis
524 903 656 973 καὶ-κοί,
682 897 753 979 bd,
778 897 933 958 οὔτε-οὔτε
964 909 994 962 et
1019 904 1158 962 similibus
1186 905 1251 962 aliis
1283 907 1444 977 copulatur,

321 999 408 1071 priori
429 997 555 1057 membro
575 1004 792 1071 praeponuntur
812 1015 869 1054 non
889 998 980 1055 solnm
1005 1014 1078 1068 quae
1099 1000 1214 1069 utrique
1228 998 1354 1056 membro
1369 1015 1444 1057 com·

320 1092 415 1148 munia
436 1097 510 1163 suut,
531 1092 583 1150 sed
604 1092 691 1148 etiam
719 1108 793 1162 quae
814 1091 850 1147 ad
874 1092 964 1149 solnm
985 1092 1132 1162 pertinent
1151 1092 1276 1174 prinsm
1295 1090 1444 1149 Schnei-

320 1185 381 1242 der
401 1202 428 1256 p.
444 1192 508 1243 432.
541 1185 609 1243 Cum
636 1185 713 1257 apud
738 1185 837 1257 plures
852 1191 962 1256 poetas,
989 1192 1018 1242 et
1032 1188 1203 1257 praesertim
1219 1185 1296 1259 apud
1310 1186 1442 1243 Nonnum

320 1280 437 1349 eiusque
458 1284 616 1336 sectatores
637 1279 665 1335 in
687 1279 806 1337 secundi
825 1278 985 1336 hexametri
1010 1279 1093 1350 pedis
1120 1279 1195 1336 thesi
1215 1281 1301 1350 longa
1322 1278 1444 1336 vocabu·

318 1374 409 1433 lorum
430 1374 531 1431 ultima
551 1373 662 1445 syllaba
687 1390 839 1444 numquam
866 1373 963 1445 posita
984 1378 1070 1443 esset,
1098 1372 1220 1444 Hilberg
1245 1373 1286 1441 (in
1307 1372 1380 1428 libro
1401 1373 1443 1428 in·

319 1468 426 1539 scripto
447 1466 506 1524 Das
530 1467 646 1538 Princip
666 1466 718 1524 der
742 1466 976 1538 Silbenwagung.
1007 1466 1093 1524 Wien
1115 1467 1188 1524 rata
1202 1482 1229 1537 p.
1248 1468 1313 1537 106)
1340 1465 1444 1522 vitiosa

320 1561 406 1617 etiam
427 1561 563 1633 synizesi:

357 1675 455 1734 δεοὶιον
476 1675 550 1742 Ζεὺς
569 1675 596 1733 δ’
622 1674 680 1755 ἄρα
701 1680 795 1742 νεῖκος
815 1675 892 1749 ἰδών,
912 1675 944 1735 δν
965 1676 1051 1734 παῖδα
1073 1675 1221 1742 καλέσσας
1242 1679 1373 1736 coniecit.

321 1803 378 1862 Sed
392 1811 471 1863 recte
487 1805 632 1876 vulgatam
646 1821 702 1862 non
717 1804 882 1863 mutandam
897 1820 961 1862 esse
975 1806 1087 1865 censuit
1105 1804 1274 1865 Scheindler
1285 1807 1305 1863 l.
1319 1807 1338 1863 l.
1354 1808 1390 1864 70
1404 1836 1440 1847 -

318 1897 547 1975 εσφεδρίσσοντα
553 1898 594 1970 Μ,
604 1893 826 1976 ἐφηδρησσοντο
839 1898 873 1969 Α,
887 1895 1087 1975 ἐφεδρήσοντοι
1101 1899 1165 1957 edd.
1178 1906 1244 1958 ante
1258 1899 1366 1971 Steph,
1377 1896 1442 1955 ὑπο-

318 1986 483 2069 δρηοοοντα
502 1991 574 2049 coni.
596 1990 724 2064 Lennep,
748 1999 798 2049 »ut
817 1993 855 2049 sit
876 1993 958 2062 quasi
985 1990 1061 2048 θεῶν
1087 1989 1228 2069 ὑπηρέτης
1247 1993 1439 2051 Mercurius«.

317 2085 351 2146 Iu
370 2085 445 2143 idem
466 2084 609 2142 inciderat
628 2084 774 2142 Hermann
788 2102 822 2157 p.
840 2076 890 2155 12,
917 2085 965 2156 qui
985 2084 1162 2157 Lennepinm
1182 2087 1249 2145 ideo
1270 2093 1381 2145 tantum
1403 2087 1442 2142 ni-

318 2186 447 2251 tuperat,
474 2178 550 2249 quod
570 2178 624 2235 hoc
644 2176 784 2234 vocabulo
808 2174 903 2232 »decbr
924 2173 1062 2252 ὑπηρέτην
1090 2176 1244 2248 significari
1265 2180 1361 2237 voluit.
1402 2178 1442 2236 At

318 2288 410 2343 neque
424 2272 478 2329 hoc
492 2271 684 2343 participium*
694 2267 775 2341 iungi
788 2275 887 2341 potest
902 2269 1073 2327 substantivi
1088 2268 1190 2343 officio,
1211 2288 1265 2329 nec
1280 2273 1442 2344 praesentis

318 2363 499 2441 participium
520 2363 558 2420 ad
579 2379 614 2420 ea
633 2360 746 2434 referri,
767 2378 841 2432 quae
868 2358 997 2419 facturus
1021 2363 1059 2420 sit
1078 2363 1158 2421 iussu
1178 2365 1253 2423 lovis
1271 2364 1442 2438 Mercurius

317 2457 369 2515 sed
393 2456 521 2529 pertinet
544 2455 581 2512 ad
608 2471 814 2528 praegressum
847 2451 1010 2519 κολέσσας;
1042 2458 1186 2514 vocanti
1217 2459 1314 2529 patri
1344 2458 1441 2516 dicto
1543 2454 1544 2493 i

318 2550 558 2610 audientem«.
590 2546 809 2626 ὑποδρησσοντο
829 2549 919 2620 igitur
939 2549 1050 2621 recepit
1069 2549 1171 2607 Lehrs.
1202 2552 1296 2609 Aliter
1311 2548 1441 2610 Graefins
1543 2572 1544 2625 η

317 2661 345 2720 p.
361 2651 417 2702 244
439 2645 480 2701 isi
500 2650 624 2715 negatur
638 2639 833 2720 ἐφεδρήσσειν
853 2642 1042 2700 assidendi
1062 2659 1158 2715 sensu,
1179 2644 1255 2715 qnod
1268 2643 1332 2701 fieri
1344 2645 1440 2714 nolim,
1543 2640 1544 2645 ’

199 2765 202 2772 ·
289 2730 293 2741 “
316 2737 471 2809 legendum
491 2736 615 2796 fortasse
634 2733 858 2815 ὑρεδρησσοντα
878 2736 914 2793 de
934 2736 1096 2807 Mercurio,
1117 2738 1146 2794 in
1166 2736 1295 2796 inferiori
1315 2739 1388 2810 loco,
1409 2743 1441 2796 nt

317 2834 479 2893 ministrum
511 2831 647 2902 decebat,
674 2831 801 2888 sedente.
847 2829 927 2887 Idem
954 2831 1011 2887 alio
1037 2830 1125 2888 verbo
1152 2831 1268 2889 volebat
1292 2832 1437 2904 Lennep.‹
1543 2820 1544 2825 ’

317 2926 495 2985 Vocabulum
520 2928 548 2981 in
568 2925 760 2997 suspicionem
780 2924 905 2983 vocabat
926 2925 1014 2981 etiam
1037 2923 1168 2996 Belrker,
1194 2925 1274 2982 euius
1300 2925 1372 2982 baec
1396 2930 1442 2983 est

317 3025 398 3078 uota:
432 3018 575 3090 »Vulgata
599 3017 681 3075 verbi
707 3014 799 3075 forma
820 3017 940 3074 Nonnus
968 3017 1059 3074 utitur
1086 3021 1150 3088 (11,
1177 3019 1231 3075 121
1253 3022 1283 3075 et
1306 3024 1368 3076 148.
1394 3025 1440 3090 2ο,

318 3120 363 3172 33.
384 3120 430 3184 26,
451 3119 514 3170 332.
543 3119 595 3184 33,
616 3115 665 3179 91)
688 3110 771 3181 eique
793 3109 950 3179 insidendi,
976 3115 1009 3168 ut
1033 3127 1088 3182 par
1108 3115 1186 3183 erat,
1213 3127 1269 3169 non
1294 3110 1441 3168 assidendi
1542 3170 1543 3189 η

316 3210 490 3279 potestatem
511 3203 570 3262 dat.
592 3204 722 3262 assidere
746 3204 820 3260 enim
842 3207 887 3260 est
905 3199 1114 3278 παρεδρησσειν
1135 3209 1168 3272 3,
1195 3211 1277 3261 112ι.
1317 3203 1378 3274 [ubi
1397 3209 1441 3260 ta·
1542 3206 1543 3239 l

225 3302 233 3329 ¹
316 3315 381 3357 men
400 3314 476 3356 nunc
497 3314 532 3355 ex
545 3297 703 3355 Hermanni
729 3296 929 3354 emendatione
944 3293 1187 3374 παροιδρησσοοσο
1204 3295 1321 3370 editur].
1351 3296 1440 3355 Tour-

316 3393 379 3451 nier
398 3409 426 3465 p.
449 3394 482 3450 rt
504 3384 726 3467 ἐπεηρησσοντο
751 3389 883 3460 coniecit,
910 3405 965 3460 quo
991 3389 1131 3448 vocabolo
1157 3389 1232 3446 sient
1258 3389 1344 3447 etiam
1371 3406 1440 3450 voce

316 3481 519 3561 ἐπεηρηηορώς
545 3483 632 3542 animi
659 3482 765 3540 attenti
789 3481 931 3539 hominem
956 3486 1036 3539 recte
1062 3481 1210 3554 designari
1239 3488 1331 3555 putat.
1376 3483 1439 3557 Ego

316 3578 387 3636 nihil
408 3579 524 3645 mutavi,
546 3582 662 3649 poterat
683 3578 757 3635 enim
778 3572 954 3655 ἐφεδρησσιο
975 3576 1122 3649 assidendi
1140 3575 1378 3650 significationem
1391 3578 1441 3636 bo·

315 3672 385 3730 berc
397 3689 454 3731 non
468 3673 554 3730 aliter
567 3678 654 3743 atque
668 3667 833 3748 ἐφεδρεύοι.
841 3693 853 3741 ;
866 3703 903 3713 -
917 3688 1106 3745 προσεννεπεν
1119 3670 1205 3743 MW,
1225 3669 1397 3746 προσέννεπε
1406 3672 1439 3744 Ρ,

314 3762 486 3840 προσένεπεν
501 3766 538 3837 Q
565 3760 700 3842 ἑρμάιονο
722 3764 800 3835 Μῦς
824 3796 857 3805 -·
885 3761 921 3823 71
941 3761 969 3819 εἷ
987 3782 1049 3819 τινα
1068 3782 1121 3818 που
1141 3763 1188 3835 Μ;
1213 3763 1355 3840 πσρῑδαῖοι
1378 3764 1441 3842 ρεέ·

316 3856 399 3934 θροις
412 3861 453 3931 Μ,
474 3860 549 3917 unde
566 3855 696 3917 Ἰδαίοισι
717 3877 770 3933 pro
780 3856 893 3916 Ἰδαίοιο
907 3859 1091 3918 scribendum
1108 3874 1171 3917 esse
1186 3856 1354 3916 dubitanter
1367 3860 1439 3917 coni.

315 3952 456 4011 ‘l'ournier
473 3955 569 4025 p.1t.;
585 3952 685 4018 Ζδοιίοις
700 3953 742 4026 G;
757 3984 791 3997 ν·-
808 3951 848 4011 72
862 3951 952 4028 σάρον
965 3953 998 4010 Μ
1005 3971 1012 4025 ;
1027 3953 1115 4011 verba
1129 3949 1179 4007 τὸν
1193 3949 1298 4028 ἀγλαὸν
1313 3940 1442 4029 ηβητῆρο

315 4063 370 4106 om.
384 4047 425 4119 M,
440 4047 489 4118 qui
510 4063 608 4105 eorum
632 4048 695 4106 loco
710 4063 746 4104 ex
760 4047 909 4120 superiore
930 4062 1015 4104 versu
1034 4044 1175 4121 παριδοῖοι
1189 4042 1330 4120 ρεέδροις
1342 4044 1438 4103 habet.
