3122 4656
752 291 1061 379 -σο-’

445 500 494 559 καὶ
513 499 618 580 περόνη
639 497 765 559 δυόεντα
786 497 969 578 διαστήσασα
985 499 1108 578 χιτῶνα,

442 596 548 672 χρυσῷ
562 591 616 668 μὲν
639 591 815 669 πλοκάμους,
832 597 938 671 χρυσῷ
954 588 979 649 δ’
988 589 1136 670 ἐστέψατο
1156 590 1261 673 δεόρην.

292 737 390 797 Verba
411 734 439 793 Κ
445 734 592 795 ΟΜΑΩΝ
607 742 637 795 et
656 733 831 809 ΧΙΤΩΝΑ,
853 734 934 795 ΧΑΙ
940 733 1023 795 ΤΗΝ
1032 744 1062 796 ct
1076 735 1240 795 ΔΕΙΡΗΝ
1254 755 1312 797 non
1331 740 1423 812 magis

293 832 467 905 discrepant,
489 846 575 902 qnam
598 846 673 901 quae
693 829 769 888 infra
789 848 815 888 v.
830 831 887 890 3⁷4
912 829 1033 890 confusa
1058 830 1139 889 vides
1166 834 1302 908 roverinae
1322 837 1353 890 et
1372 852 1423 888 κο·

294 922 395 990 λώνας.
435 924 476 982 Et
496 923 538 981 sio
560 923 590 980 in
613 923 748 980 extremis
773 923 919 982 vocabulis
940 940 986 996 ap.
1007 925 1139 983 Nonnum
1161 926 1330 997 saepissime
1355 942 1424 998 peo-

293 1026 416 1079 catum«
433 1050 460 1060 -·
483 1017 560 1086 Hinc
573 1015 679 1093 δεζσην,
701 1017 730 1073 in
745 1016 821 1089 quod
836 1018 944 1089 etipse
964 1017 1131 1090 incideram,
1151 1019 1250 1091 recepi
1271 1019 1352 1088 (licet
1372 1019 1425 1077 dn·

293 1112 431 1171 bitaverit
447 1111 485 1170 de
498 1111 553 1169 hac
566 1126 636 1169 voce
650 1109 796 1169 Tonrnicr
808 1127 839 1182 p.
854 1112 912 1181 21),
933 1109 1017 1167 nimis
1039 1111 1112 1167 enim
1133 1110 1286 1169 videbatur
1307 1112 1424 1184 capillo·

194 1246 197 1251 .
292 1221 356 1264 rum
376 1205 483 1263 mentio
503 1210 550 1260 ter
570 1203 713 1275 repetite,
734 1207 764 1261 et
784 1218 828 1259 vv.
845 1208 995 1260 134—135
1016 1201 1092 1260 idem
1113 1200 1257 1274 flagitant.
1299 1203 1424 1263 Caetera

293 1296 401 1358 Graefii
421 1296 588 1355 coniectura
607 1295 705 1352 minus
726 1300 796 1367 apta
815 1294 943 1367 videtur,
971 1296 1035 1367 quis
1063 1296 1138 1353 enim
1163 1312 1297 1368 umquam
1316 1297 1423 1357 fibulae

293 1407 348 1465 ope
368 1391 455 1449 solvit
474 1390 604 1449 vestem?
636 1389 671 1446 In
692 1389 811 1460 reliquis
832 1389 1022 1448 Tournerium
1043 1397 1159 1449 secutus
1180 1406 1251 1463 sum,
1273 1392 1322 1462 qni
1342 1408 1370 1464 p.
1386 1397 1422 1450 19

295 1492 368 1543 -21
388 1484 418 1540 in
438 1482 472 1541 M
492 1482 560 1540 libri
579 1483 723 1555 scriptura
743 1480 849 1560 περόνη
872 1479 998 1539 θυόεντα
1017 1483 1110 1541 latere
1127 1482 1323 1541 Hermcnnnm
1343 1499 1423 1544 secu-

293 1583 340 1635 tus
361 1576 483 1647 monuit,
504 1574 646 1646 simulque
661 1574 804 1633 adiectivo
823 1575 974 1632 masculini
994 1578 1117 1649 generis,
1138 1574 1272 1650 θυόεντα,
1292 1578 1423 1635 substan·

293 1671 352 1729 tivo
372 1668 503 1727 feminini
528 1670 644 1741 generis
667 1665 786 1747 περόνην
807 1669 895 1741 paulo
920 1668 1090 1728 insolentius
1117 1671 1267 1730 coniuncto
1287 1670 1421 1743 offensus,

293 1758 475 1838 διασκήσασα
500 1778 554 1834 pro
584 1759 766 1838 διαστήσασα
792 1767 821 1819 et
846 1759 992 1838 κόρυμβον
1017 1780 1071 1836 pro
1098 1761 1215 1838 κομάων
1240 1763 1422 1822 scribendum

294 1872 359 1915 esse
385 1854 459 1913 vidit
484 1855 591 1915 collato
612 1854 764 1914 Athenaeo
789 1853 846 1912 XII
870 1872 899 1927 p.
920 1856 1013 1914 526A
1038 1853 1219 1934 διησκημένοι
1243 1856 1298 1923 τὰς
1325 1855 1418 1934 κόρας

291 1951 396 2027 χρυσῷ
412 1944 525 2024 κόσμῳ.
547 1980 582 1990 -
603 1945 644 2006 85
666 1945 699 2004 δε
719 1948 767 2020 Μ;
788 1966 904 2025 ερωτας
923 1947 1081 2026 όνηστησεν
1100 1950 1147 2021 Μ;
1170 1984 1202 1992 -
1226 1950 1266 2011 99
1287 1950 1366 2027 ἀγιυν
1379 1950 1422 2021 Μ,

293 2038 373 2118 ἀγὼν
388 2057 423 2099 ex
436 2036 514 2118 ἄγων
530 2040 561 2113 Ο,
582 2035 661 2116 ἄγων
673 2041 831 2112 ALNQR
846 2046 877 2099 et
890 2041 1000 2113 aliquot
1014 2042 1079 2101 edd.
1094 2048 1178 2115 vett.;
1192 2039 1265 2120 ἄηλῶ
1277 2061 1331 2118 pro
1344 2040 1422 2119 ἀγών

294 2135 366 2196 coni.
392 2136 528 2208 Lennep3
549 2139 626 2209 apte,
646 2135 742 2194 indice
764 2134 909 2196 Harlesio.
939 2132 1165 2212 περιπτύξασδσι
1180 2136 1243 2210 OQ,
1256 2132 1422 2213 περιπτύξα-

296 2241 366 2336 σδδυ
385 2280 428 2350 Ν;
448 2311 481 2321 -—
498 2276 537 2338 87
558 2275 670 2354 ἀγλαΐαι
686 2297 726 2355 με
740 2277 915 2356 διακρίνουσι
928 2276 1089 2357 προσώπων
1109 2279 1193 2339 codd.
1213 2280 1285 2339 dett.
1307 2286 1337 2339 et
1356 2279 1422 2340 edd.
1547 2284 1548 2307 λ

296 2377 364 2431 ante
377 2372 491 2444 Lehrs,
511 2372 562 2443 qni
575 2387 612 2429 ex
624 2371 783 2430 Hermanni
796 2373 971 2445 coniectura,
991 2374 1021 2430 in
1034 2389 1120 2445 quem
1134 2380 1164 2431 et
1178 2375 1241 2446 ipse
1255 2373 1421 2446 incideram,

295 2461 487 2542 διακρινέσυσι
507 2463 609 2523 edidit.
644 2465 826 2524 Structorem
845 2465 932 2538 plane
952 2463 1096 2524 inficetam
1112 2482 1177 2525 esse
1196 2472 1277 2525 ratus
1299 2463 1422 2544 σήμερον

269 2554 272 2557 ’
297 2556 428 2634 ἀγλαΐαις
437 2576 477 2635 με
490 2556 666 2634 διακρίνουσι
679 2554 832 2634 προσώπου
846 2559 971 2619 coniecit
989 2558 1119 2632 Lennep,
1139 2560 1245 2619 collato
1266 2576 1291 2616 v.
1306 2566 1371 2618 253.
1386 2590 1421 2602 -

296 2651 369 2712 (inm
393 2651 423 2709 in
442 2652 475 2710 M
496 2648 599 2727 αγλαΐα
615 2670 655 2725 με
675 2649 861 2728 διακρίνουσα
881 2651 1020 2723 seriptum
1041 2657 1129 2724 extet,
1149 2652 1246 2713 nescio
1266 2669 1304 2711 an
1324 2650 1423 2729 ἀγλαΐη

293 2763 332 2822 με
357 2743 543 2821 διακρίνουσα
562 2743 746 2803 scribendum
775 2745 828 2817 sit,
855 2743 976 2802 lacunae
1003 2745 1093 2817 signis
1119 2747 1286 2819 posthunc
1309 2760 1423 2805 versum

296 2839 408 2912 positis.
436 2871 470 2881 -
498 2836 538 2896 88
558 2857 611 2894 τινι
631 2838 680 2909 M3
697 2835 845 2912 βοκουλος
865 2837 888 2897 G
907 2842 975 2896 ante
995 2852 1084 2911 corr.;
1110 2834 1197 2905 οὗτος
1215 2839 1261 2898 bis
1280 2839 1370 2899 habet
1389 2837 1422 2909 83

297 2928 410 3012 δπόσση
429 2934 470 3010 (η)
490 2931 575 2991 codd.
596 2930 669 2999 dett.
690 2937 721 2991 et
741 2930 807 2991 edd.
829 2936 898 2990 ante
917 2930 1094 3006 Bekkerum,
1115 2929 1237 2990 ὀπάσσει
1256 2933 1289 2991 Μ
1309 2939 1340 2991 et
1358 2932 1423 2991 rell.

298 3075 364 3136 edd.
381 3107 420 3118 —
438 3073 478 3134 89
492 3071 569 3153 ιερήν
585 3072 716 3133 ενέπουσι
728 3074 777 3147 Μ,
799 3039 931 3133 ἐνέπουλτι
947 3075 983 3149 03
1003 3074 1109 3154 τιδίνην
1122 3078 1175 3149 W3
1189 3110 1227 3122 -
1241 3072 1285 3136 90
1301 3075 1335 3135 δε
1348 3075 1423 3147 M03

292 3166 449 3247 μεδέοπειν
473 3168 514 3241 L3
542 3188 592 3227 και
617 3168 665 3241 Μ;
694 3200 728 3211 ·-
757 3166 795 3227 91
817 3165 969 3239 βασιλεῖαν
994 3167 1041 3227 δελ
1067 3169 1219 3228 καλεσυσιν
1242 3171 1290 3243 Μ;
1321 3169 1424 3228 »valde

297 3264 418 3337 languet
430 3260 477 3320 δελ
494 3264 525 3321 in
537 3262 583 3322 his
597 3262 703 3336 verbis,
725 3268 828 3323 utnon
842 3262 1033 3323 dubitandum
1045 3263 1189 3335 videatur,
1210 3264 1279 3336 quin
1299 3264 1424 3336 genuina

296 3359 442 3433 scriptura
459 3357 499 3416 sit
511 3352 728 3417 ἐπικλείουσιν.ι
755 3357 903 3417 Hermann
916 3375 945 3433 p.
962 3365 1007 3417 13.
1022 3389 1057 3399 -
1073 3355 1115 3416 92
1130 3355 1248 3421 δνολκις
1260 3357 1307 3429 Μ;
1326 3352 1376 3435 ἑήν
1388 3355 1423 3429 L,
1543 3342 1544 3349 δ

297 3447 347 3531 ἑήν
366 3451 406 3522 A3
434 3443 484 3528 ἔην
509 3450 576 3509 hnic
600 3451 665 3510 loco
688 3466 791 3524 parum
812 3458 911 3524 aptum
931 3466 968 3508 ex
991 3450 1118 3510 Homero
1139 3451 1183 3522 (Π.
1203 3450 1231 3509 Ε
1250 3453 1333 3522 33ο);
1353 3447 1370 3506 ό
1390 3447 1424 3508 δὲ

299 3540 405 3620 Κύπριν
424 3539 557 3621 ἐπῴχετο
578 3540 657 3621 νηλέϊ
672 3541 776 3621 χαλκῷ
791 3540 963 3619 Γιηνώσκιυν
981 3538 1021 3600 dd
1049 3540 1167 3608 ἄναλκις
1189 3536 1239 3622 ἔην
1261 3541 1333 3608 θεὸς
1350 3558 1425 3603 eum·

298 3642 381 3712 ptum
402 3652 467 3696 esse
485 3638 597 3696 monuit
608 3636 738 3711 Lennep.
752 3668 788 3679 -
800 3635 956 3712 βασιλείων
978 3636 1013 3708 0;
1028 3668 1065 3678 -
1079 3634 1119 3695 99
1140 3634 1301 3714 κορσνσίην
1321 3637 1360 3709 Q,
1379 3631 1424 3694 od

298 3728 407 3808 δεηχος
430 3729 480 3799 M,
510 3726 569 3787 οόδ
593 3725 684 3811 εὖχος
707 3730 849 3802 PSVW3
879 3724 941 3786 οὐδ’
970 3728 1053 3789 codd.
1079 3735 1109 3789 et
1139 3729 1205 3790 edd.
1230 3734 1298 3789 ante
1322 3728 1424 3788 Lehm.

300 3824 383 3885 »Nisi
401 3826 491 3900 paulo
510 3825 624 3899 longius
651 3842 670 3886 a
694 3825 814 3898 vulgata
834 3824 1001 3897 aberraret,
1022 3821 1084 3883 iere
1103 3822 1253 3884 crederem
1273 3822 1424 3883 coluthnm

299 3917 416 3979 dedisse
437 3951 474 3961 -
1038 3912 1072 3975 οὖ
1089 3915 1236 3995 βασιλήιον

504 4011 654 4088 κοιρανίην,
675 4005 736 4069 οὐδ’
754 4006 835 4089 εἶχον
851 4005 956 4089 Ἀρήιον
975 4005 1010 4076 ἐς
1026 4008 1117 4087 βέλος
1136 4007 1234 4088 ἀλκήν.
