3108 4662
740 308 950 371 ..96-

286 494 363 567 quod
384 494 560 555 Schneidero
581 509 694 566 quoque
715 494 856 554 suadente
880 496 986 569 recepi.
1018 493 1152 573 θαλερῶν
1173 495 1257 556 codd.
1284 496 1355 557 dett.
1377 504 1408 557 et

286 588 352 646 edd.
365 605 464 648 omnes
480 594 599 663 praeter
609 589 760 660 Iulianum,
775 590 824 660 qui
834 590 973 648 Ktstneri
990 606 1103 661 quoque
1117 592 1278 650 versionem
1292 599 1408 650 secutus

287 680 413 757 θαλερόν
434 698 470 741 ex
482 682 515 740 M
533 682 656 754 recepit,
677 689 706 740 et
726 688 844 754 praeter
858 683 961 757 Lehrs,
980 685 1030 755 qui
1050 683 1127 755 qnod
1140 685 1306 745 Hermanno
1327 703 1355 757 p.
1373 691 1407 745 19

285 778 315 833 in
341 777 449 836 codicis
469 777 643 835 Mutinensis
664 778 807 851 scripture
832 778 924 836 latere
950 777 1041 851 visum
1062 783 1121 849 est,
1153 776 1285 853 θαλάμου
1306 780 1407 837 edidit.

288 870 370 929 »fort
392 868 525 947 θαλερῶν
545 869 712 928 mutandum
734 871 763 927 in
783 868 950 946 σταθερῶν,
976 876 1028 929 aut
1047 868 1195 946 θαλάμων,
1220 871 1255 930 cf.
1277 880 1333 932 252
1358 879 1409 932 aut

287 962 436 1037 σταθμῶν,
456 964 491 1021 cf.
512 964 631 1023 Theocr.
654 963 695 1021 ld.
716 962 812 1021 XXIV
836 970 880 1021 15.
910 962 1066 1035 Tryphiod.
1093 981 1118 1021 v.
1140 971 1211 1038 339,
1235 967 1292 1024 nisi
1316 968 1408 1026 tutius

285 1062 330 1115 est
357 1059 489 1130 recipere
520 1058 586 1114 lect.
615 1056 683 1114 (lod.
709 1056 782 1113 Mut.
809 1053 948 1128 θαλερόν,
979 1056 1034 1114 etsi
1059 1057 1105 1113 vix
1130 1057 1340 1117 substantivum
1366 1061 1408 1118 sic

284 1151 474 1210 omittendum
495 1156 586 1210 emt«
629 1147 745 1208 Graes.
767 1166 794 1221 p.
817 1156 880 1207 254.
922 1149 1080 1207 Hermanni
1104 1149 1236 1226 θαλάμου
1261 1158 1341 1211 recte
1361 1169 1406 1212 re

283 1244 417 1317 pudiavit
437 1243 594 1303 Schneider
614 1260 642 1315 p.
664 1249 729 1301 426.
751 1242 820 1299 42⁷:
854 1257 936 1299 »nem
962 1247 1118 1313 penetrare
1144 1259 1234 1315 usque
1256 1246 1293 1302 ad
1313 1246 1407 1304 thala·

283 1355 359 1397 mum
379 1339 509 1397 Helenae
534 1339 619 1395 nimis
644 1335 821 1409 impudentis
847 1351 882 1392 ac
906 1336 1034 1408 protervi
1059 1333 1162 1394 fuisset
1186 1338 1322 1410 hominis,
1349 1356 1406 1399 nou

281 1431 406 1504 hospitis
433 1431 589 1490 verecundi
610 1436 640 1489 et
663 1430 799 1502 modesti,
827 1429 922 1501 qualis
948 1444 1023 1486 nunc
1048 1430 1163 1500 quidem
1190 1431 1316 1491 debebat
1341 1450 1406 1493 esse

282 1524 380 1596 Paris,
407 1541 491 1597 quem
518 1541 572 1598 par
593 1532 657 1582 erat
682 1520 906 1582 consisteretur
929 1518 1198 1598 ποοθύρυιςούδοῶ
1225 1520 1268 1580 ἐπ’
1294 1522 1407 1583 αὐλείου

284 1616 380 1691 (Hom.
403 1617 455 1676 Od.
478 1625 628 1689 1,103sq.
649 1617 910 1688 ll.11,llsqq.).‹
942 1614 1068 1692 θαλερόν
1088 1624 1183 1675 autem
1204 1635 1257 1689 pro
1278 1619 1408 1678 iuvene

284 1710 405 1780 aliquo
427 1710 533 1767 dictum
554 1710 668 1781 accepit
682 1709 839 1767 Schneider
858 1726 886 1781 p.
901 1711 965 1777 427,
987 1711 1118 1781 »qualem
1132 1710 1274 1769 Homerus
1289 1712 1407 1783 quidem

282 1803 413 1876 appellat
435 1801 558 1880 θαλερὸν
578 1801 674 1880 αἷζηύν
694 1803 739 1859 vel
760 1800 885 1877 θαλερὸν
905 1799 1002 1879 ἠίθεον
1023 1803 1068 1873 (ΙΙ.
1090 1811 1117 1874 3,
1139 1810 1184 1863 26.
1208 1811 1251 1875 10,
1272 1811 1336 1863 259.
1359 1812 1407 1874 11,

228 1953 240 1969 ,
280 1903 346 1956 414.
369 1905 414 1970 14,
429 1906 454 1956 4.
479 1901 523 1970 17,
539 1905 602 1957 282.
623 1905 650 1969 4,
670 1899 747 1966 474),
774 1894 826 1952 sed
846 1896 927 1953 licuit
941 1895 1084 1967 Oollutho,
1105 1897 1180 1967 quod
1201 1898 1258 1955 iam
1279 1899 1404 1960 Alexan-

280 1991 372 2049 drinis
392 1992 487 2064 poetis
512 1992 600 2050 moris
625 1989 713 2049 fuisse
739 1989 882 2060 videmus,
907 1993 941 2045 ut
967 1990 1041 2060 qua'e
1061 1990 1204 2049 Homerus
1230 1993 1337 2063 aliique
1358 2009 1406 2051 ve-

280 2085 419 2143 tustiores
449 2088 554 2158 poetae
584 2099 640 2141 non
666 2087 877 2153 usurpaverant
902 2083 1042 2140 vocabula
1069 2083 1122 2140 nisi
1153 2080 1326 2149 ἐπιθετικῶς
1352 2086 1404 2144 ad·

278 2178 412 2249 iectoque
432 2179 620 2250 substantivo,
642 2193 677 2234 ea
698 2183 729 2234 ut
749 2176 854 2234 omisso
870 2176 1048 2235 substantivo
1069 2193 1122 2249 per
1143 2194 1174 2235 se
1194 2186 1336 2250 ponerent
1356 2196 1406 2237 ea-

281 2270 346 2328 dem
373 2272 401 2328 vi
426 2278 514 2343 atque
538 2269 773 2343 significationes
817 2269 899 2341 Quod
925 2269 1083 2328 Schneider
1107 2272 1237 2342 plurimis
1265 2273 1404 2345 exemplis

279 2363 317 2421 ed
338 2362 365 2420 b.
386 2365 405 2421 l.
425 2364 589 2422 illustravit.
630 2363 738 2422 Contra
766 2362 908 2421 Toumier
932 2380 960 2435 p.
981 2371 1027 2434 32,
1053 2365 1101 2435 qui
1125 2381 1227 2436 parum
1252 2365 1405 2445 probabile

280 2472 344 2514 esse
364 2462 449 2528 putat
468 2472 593 2528 unquam
613 2454 739 2531 θαλερόν
763 2473 816 2528 pro
842 2454 967 2531 θαλερὸν
988 2455 1084 2533 αλζηάν
1104 2457 1212 2516 dictum
1234 2475 1312 2530 esse,
1339 2475 1405 2517 cnm

281 2549 454 2608 adiectivum
480 2546 607 2620 θολερός
632 2564 721 2619 saepe
747 2549 833 2606 etiam
859 2548 925 2605 aliis
950 2556 1068 2620 praeter
1092 2548 1191 2626 αλζηός
1215 2551 1406 2609 substantivis

279 2642 410 2701 additum
429 2643 602 2714 reperiatur,
622 2642 716 2699 locum
738 2642 779 2699 sic
800 2640 1008 2699 emendandum
1030 2657 1093 2701 esse
1114 2643 1231 2701 suadet:

379 2742 427 2800 καὶ
446 2741 635 2819 φθονερῶν
662 2744 715 2814 (sic
739 2743 835 2815 potius
863 2758 948 2813 quam
974 2741 1092 2818 θαμινόν
1116 2743 1163 2802 vel
1183 2743 1314 2821 θολερόν)
1335 2765 1401 2822 που·

730 2834 853 2911 πάροιθε
873 2831 1108 2892 διοπτεύοντα
1128 2837 1247 2912 θυράων

379 2928 421 2995 ὡς
441 2926 508 3003 ἴδεν,
530 2925 572 2994 ὣς
592 2927 747 3001 ἐκάλεσσε,
769 2927 816 2985 καὶ
836 2925 870 2992 ἐς
886 2926 980 3007 μυχὸν
999 2922 1103 3005 ἤγαγεν
1123 2926 1213 3002 οἴκου,

277 3041 382 3100 collato
408 3042 510 3101 Nonuo
530 3040 616 3100 Dion
637 3040 690 3099 XV
722 3036 1048 3117 271δίχαφθονεροΐο
1072 3040 1213 3117 χιτῶνος,
1237 3041 1319 3100 XLII
1344 3049 1401 3101 453

275 3132 420 3215 φθονερὴν
445 3131 628 3210 ἐπεμέμφετο
650 3133 764 3210 μίτρην,
792 3138 822 3192 et
846 3131 931 3190 XXII
951 3137 987 3190 59
1012 3128 1120 3207 ὄμμασι
1143 3138 1281 3211 ποιητοῖσι
1305 3133 1401 3192 διοπ-

274 3224 389 3285 τεύων
420 3226 600 3305 τρυφαλείης.
632 3259 666 3268 -
697 3223 869 3283 ὀπιπεύουσα
893 3225 926 3282 Μ
952 3230 982 3282 et
1012 3225 1077 3283 edd.
1108 3226 1176 3285 inde
1206 3243 1225 3286 a
1253 3227 1399 3300 Bekker0,

404 3318 431 3346 0⁰

274 3352 467 3412 ὀπιπτεύσασα
482 3355 513 3427 O,
534 3350 723 3411 θπιπτεύουσα
739 3352 883 3412 LNPSV
904 3356 934 3410 et
950 3352 1015 3410 edd.
1030 3358 1148 3426 praeter
1163 3354 1301 3428 Stephon.
1315 3353 1398 3413 Lect.

273 3448 362 3520 Port,
377 3449 426 3521 qui
440 3447 516 3520 quod
528 3446 554 3506 G
564 3463 678 3519 quoque
690 3446 780 3504 habet
793 3443 990 3503 ἐποπτεύουσα
1003 3448 1189 3520 scripserunt
1210 3442 1398 3504 ὀπιπεύουσα

272 3576 308 3648 Α,
329 3538 507 3645 ὀπιῖἴεύουσα
528 3575 552 3647 Q
573 3579 659 3647 (corr.
680 3589 716 3631 m.
737 3576 808 3646 pn),
829 3605 866 3615 -
888 3571 1004 3651 θημάων
1025 3574 1063 3646 Ir,
1088 3572 1196 3650 θηρίων
1218 3574 1256 3646 Q3
1279 3606 1313 3617 -
1336 3572 1398 3632 257

273 3665 393 3726 ῶσειδεν
412 3669 453 3741 Μ,
474 3663 514 3734 ὣς
534 3666 591 3727 ἴθεν
604 3669 646 3740 Ν;
667 3686 710 3733 ως
721 3667 763 3737 Μ,
784 3663 826 3734 ὡς
844 3668 909 3726 rell.
930 3668 1013 3726 codd.
1034 3675 1064 3726 et
1084 3667 1150 3726 edd.
1172 3674 1240 3726 ante
1260 3666 1397 3739 Bekker.,

273 3764 322 3837 qui
336 3756 376 3829 ὣς
395 3764 495 3822 edidit.
511 3797 546 3805 -
561 3759 705 3820 εκάλεσσε
720 3762 761 3833 Μ,
782 3759 927 3820 ἐκάλεσσε
947 3761 1012 3819 edd.
1031 3761 1098 3819 inde
1113 3778 1130 3820 a
1144 3760 1296 3832 Beklrer03
1316 3757 1398 3836 ἐνάη-

272 3875 322 3915 σεν
344 3859 382 3931 Q,
409 3853 512 3934 ἐνόησε
535 3859 598 3917 rell.
625 3856 708 3916 codd.
735 3862 765 3914 et
790 3856 871 3926 edd.;
898 3887 931 3896 -
955 3852 1153 3934 μυχονήηαηεν
1177 3855 1224 3927 Μ,
1249 3848 1339 3931 ἤγαγε
1360 3854 1397 3925 03

271 3947 358 4028 αὐλην
372 3951 413 4022 Μ,
434 3947 521 4027 αὐλῆς
541 3951 603 4008 rell.
625 3950 708 4010 codd.
730 3955 760 4008 et
781 3949 846 4008 edd.
868 3954 936 4007 aute
949 3948 1087 4022 Bekker,
1109 3951 1158 4022 qui
1178 3947 1259 4005 οἴκου
1280 3948 1398 4020 scripsit

272 4043 676 4104 exNonnoDiou.111423
701 4040 775 4101 ἑλὼν
802 4041 838 4100 δέ
857 4062 906 4118 μιν
929 4042 982 4108 εἷς
1002 4040 1117 4119 μυχὸν
1141 4040 1253 4115 οἴκου,
1279 4044 1401 4099 secutus
