3122 4656
655 288 870 350 -37..

198 473 218 532 1.
239 476 336 533 0315
357 472 442 532 modo
456 487 548 531 nexus
569 471 610 529 ibi
630 472 727 531 sanior
741 478 827 531 esset
860 472 1025 532 Literanum
1039 472 1170 547 apicibus
1183 473 1319 532 insistens

199 582 302 627 censor
314 567 381 625 Hal.
394 567 414 624 l.
430 582 455 624 0.
470 564 605 624 eliciebat
622 559 765 641 Ἀπάτης
781 563 916 640 βασίλεια
929 561 1146 644 καΣἋρμονίηςε
1161 566 1204 625 ita
1217 581 1318 640 posses

199 667 229 718 et
248 655 361 737 άκτης
376 659 445 734 fiac.
467 664 500 716 ut
518 665 588 717 nota
614 664 658 717 est
681 659 777 718 Venus
804 660 835 717 in
860 659 995 719 litoribus
1019 660 1113 729 culta,
1138 656 1189 718 cir.
1210 675 1236 717 v.
1251 666 1317 718 202.

198 770 220 812 s.
242 760 272 811 et
291 751 402 812 iaceret
426 750 566 811 eiusmodi
586 751 683 810 Venus
708 751 824 812 litorum
849 752 887 811 ad
907 752 1060 811 Thetidcm
1086 753 1240 822 marinam3
1266 752 1318 810 sed

198 852 350 917 utrumque
369 862 427 904 non
451 845 544 902 miuus
564 844 690 902 alienum
716 850 762 904 est
782 845 818 904 ab
838 843 972 922 άομανίᾳ,
997 862 1083 917 qnam
1108 846 1133 904 si
1159 837 1318 921 001οἈιης

154 991 155 994 ,
198 940 346 997 scriberet.
388 937 446 996 Sed
472 939 527 996 hac
546 937 593 994 ria
612 937 730 996 offerret
759 954 791 996 se
817 938 904 997 etiam
930 934 1040 1013 ἀγάπης
1064 935 1134 1012 flac.
1154 943 1253 1010 aptum
1279 935 1317 995 nd

199 1047 321 1101 sensum,
342 1028 427 1090 modo
447 1030 552 1089 idonea
568 1035 673 1104 poetae
687 1032 860 1090 auctoritate
873 1031 946 1089 haec
959 1048 1014 1091 vox
1027 1029 1189 1091 confirmari
1208 1035 1315 1103 posset.

297 1123 358 1182 Iam
384 1123 556 1181 coniecturis
582 1122 658 1181 10000
683 1127 766 1195 patet
790 1139 922 1196 campus:
952 1119 1016 1180 οὐδ’
1038 1119 1175 1200 ’deurode
1197 1121 1227 1197 β.
1248 1117 1316 1179 οὐδὲ

197 1213 298 1273 Πύθου
308 1215 338 1290 β.
355 1211 388 1272 οὐ
403 1213 536 1292 Χαρίτων
549 1213 580 1290 β.
595 1210 663 1271 οὐδὲ
677 1212 767 1290 γάμου
779 1214 808 1287 β.
823 1211 856 1271 οὐ
870 1214 969 1292 κοίτης
985 1214 1016 1289 β.
1037 1221 1089 1274 aut
1107 1216 1230 1287 denique
1249 1210 1314 1270 οὐδ’

196 1304 279 1385 εὐνῆς
289 1307 319 1382 β.
339 1307 369 1366 in
383 1308 460 1380 quod
474 1313 504 1366 et
516 1308 598 1365 Dein.
614 1306 718 1380 Popoff
728 1307 837 1377 incidit,
858 1306 1015 1366 omniomi.
1029 1308 1169 1381 optimum
1182 1305 1233 1365 ch.
1249 1314 1313 1367 202.

196 1401 236 1460 Et
255 1407 288 1459 ut
306 1401 377 1459 nihil
403 1402 575 1458 intentatum
602 1399 811 1471 relinquamus,
837 1398 960 1458 fortasse
983 1396 1132 1477 Ἀφροδίτη
1158 1405 1204 1458 000
1226 1400 1314 1458 inter·

194 1497 416 1565 pretementum,
437 1508 500 1550 cum
514 1495 601 1564 po'etn
615 1489 757 1549 dedisset:
777 1487 844 1547 οὐδ’
864 1487 935 1567 adr-h
952 1488 1087 1565 βασίλεια
1107 1488 1155 1546 καὶ
1169 1488 1314 1569 ςάρμονίης

196 1582 399 1661 γενέτειρα,
429 1585 454 1641 si
474 1583 590 1655 quidem
611 1588 641 1641 00
659 1588 753 1642 mater
773 1590 803 1643 et
821 1585 923 1656 regina
943 1584 1117 1644 Harmoniae
1137 1583 1235 1643 Venus
1255 1586 1313 1646 dici

193 1683 338 1750 poterat«.
369 1710 400 1719 -
429 1676 557 1735 »Censor
576 1676 833 1749 Heidelbergensis
858 1677 981 1736 coniecit
1000 1675 1203 1754 συναρμονίης,
1227 1694 1311 1750 quam

194 1785 292 1829 vocem
313 1771 505 1828 Schneiderus
531 1770 560 1827 in
583 1770 695 1828 lexicon
715 1786 797 1828 suum
819 1775 850 1828 ut
869 1769 953 1828 valde
978 1767 1094 1827 dubiam
1119 1771 1216 1829 nescio
1235 1770 1311 1830 unde

194 1863 342 1922 intulerat.
372 1863 527 1922 Passovius
548 1863 651 1920 omisit.
682 1861 849 1920 Wemikius
875 1861 935 1937 [ap.
957 1861 1134 1936 Bekkerum]
1160 1863 1247 1921 alium
1266 1879 1311 1922 re·

194 1956 268 2026 quiri
289 1955 446 2027 genitivum
467 1955 575 2028 videns,
596 1956 688 2013 latere
703 1970 768 2014 eum
781 1956 810 2012 in
824 1970 894 2014 voce
915 1951 986 2032 adr-t
999 1955 1131 2027 putabat
1163 1956 1208 2013 ltn
1221 1956 1311 2014 sensit

193 2046 280 2105 etiam
301 2047 350 2118 qui
370 2043 431 2105 οὐδ’
456 2045 569 2125 Ἀπάτης
586 2045 721 2122 βασάεια
740 2048 870 2120 coniecit,
897 2046 974 2118 quod
993 2064 1050 2107 non
1072 2048 1224 2107 convenire
1243 2047 1310 2105 huic

189 2138 254 2198 loco
274 2145 354 2198 recte
374 2141 486 2198 monuit
504 2139 644 2199 Graefius.
683 2139 715 2198 Si
735 2142 868 2214 genitivis
889 2140 955 2199 aliis
980 2156 1053 2213 opus
1075 2145 1132 2212 000,
1160 2140 1220 2197 0010
1240 2139 1310 2211 quid

189 2233 330 2305 scriptum
360 2234 501 2306 suspicari
526 2234 637 2307 licebit,
667 2229 730 2290 οὐδ’
760 2230 832 2312 αὕτη
854 2232 989 2308 βασίλεια
1011 2230 1217 2311 χαραπλεκέιον
1244 2228 1309 2306 ὀμε-

191 2323 278 2382 καίιον
292 2324 340 2381 καὶ
355 2326 504 2401 γλυκεροῖο
518 2324 621 2404 πόθοιο
636 2325 685 2382 καὶ
697 2324 831 2404 εξομονίης
846 2323 1004 2404 Ἀφροδιῒη.
1040 2326 1091 2386 Sin
1103 2327 1197 2384 minus
1216 2326 1311 2399 potnit

109 2490 118 2501 ,
189 2416 478 2476 1110000000οκαο’
502 2417 650 2496 άομονίην,
675 2426 708 2478 ut
730 2415 798 2494 μεθ’
823 2418 955 2498 άαμονίην
980 2417 1144 2497 Ἀφροδίτης
1171 2419 1309 2492 scriptum

188 2514 237 2567 est
256 2527 282 2567 ν.
297 2512 361 2569 375.
402 2511 460 2570 Sed
481 2513 506 2569 si
525 2528 623 2570 verum
643 2511 729 2571 fateri
749 2520 872 2586 oportet,
892 2513 962 2571 nihil
981 2513 1029 2572 hio
1048 2513 1122 2571 certi
1140 2513 1202 2571 sine
1224 2511 1306 2570 libris

187 2602 314 2660 inveniri
332 2610 456 2675 potest«.
486 2605 670 2663 Hermann.
690 2623 718 2678 p.
736 2614 779 2665 10.
802 2638 836 2647 -
857 2607 999 2666 Tournier
1018 2623 1046 2678 p.
1064 2612 1090 2664 9.
1107 2613 1142 2664 10
1164 2605 1309 2677 vulgatam

189 2695 351 2766 lectionem,
372 2712 457 2767 quam
476 2698 596 2770 retinui,
621 2699 750 2771 ineptam
775 2714 839 2756 esse
864 2697 1025 2769 contendit,
1050 2713 1114 2755 oum
1138 2696 1209 2754 nihil
1228 2695 1309 2753 aliud

188 2786 352 2859 significare
365 2791 465 2861 possit,
487 2806 572 2862 quam
587 2804 699 2863 »neque
716 2791 822 2864 Venus,
843 2804 917 2863 0000
937 2792 1002 2864 ipsa
1021 2789 1161 2850 connubio
1181 2796 1308 2862 praeest,

188 2878 221 2937 id
241 2885 298 2952 ost,
323 2897 397 2953 0000
418 2884 557 2943 connubio
577 2883 654 2943 haud
680 2900 762 2942 00000
782 2885 974 2955 stenelum,
999 2898 1069 2942 vera
1088 2881 1222 2941 mnnubii
1242 2880 1307 2953 dea,

189 2979 336 3047 praeest«,
364 2981 394 3032 et
417 2975 492 3034 hanc
513 2993 626 3048 qnoque
646 2977 831 3049 sententiam,
856 2977 932 3035 male
954 2981 1098 3036 nonanto
1123 2971 1194 3053 aot
1213 2975 1308 3049 posita

188 3067 292 3126 vocula
312 3068 368 3138 καί,
389 3085 445 3126 000
465 3070 536 3127 satis
557 3075 686 3129 correcte
700 3070 850 3142 exprimat.
881 3068 993 3127 Deinde
1008 3067 1118 3141 pergit:
1141 3063 1220 3124 »οὐδ’
1238 3064 1308 3144 αὐτῇ

189 3174 375 3231 progressum
390 3161 532 3231 quendam
546 3161 686 3219 orationis
700 3159 830 3232 denotet,
850 3162 900 3231 qui
913 3161 1007 3219 nullus
1026 3166 1079 3228 est,
1100 3161 1125 3218 si
1144 3160 1181 3219 ab
1201 3160 1308 3220 lunone
1428 3156 1431 3161 ’
1547 3236 1548 3243 ¹

188 3249 308 3310 deorum
328 3253 430 3323 regina
456 3252 494 3310 ad
514 3253 656 3311 Venerem
681 3253 813 3326 procedit
832 3258 936 3326 poeta,
961 3254 1132 3326 praesertim
1152 3243 1215 3310 cum
1235 3253 1306 3311 Iuno

188 3343 251 3402 sola
275 3346 408 3403 connubii
433 3347 535 3417 regina
559 3348 622 3404 iure
653 3363 687 3405 00
711 3348 814 3406 merito
847 3347 904 3407 dici
929 3348 1048 3420 possit«.
1092 3347 1188 3418 Quare
1214 3351 1306 3403 trans·
1362 3398 1364 3402 .

188 3437 290 3507 positis
309 3436 498 3496 hemistichiis
517 3439 610 3498 locum
631 3441 673 3498 sic
693 3441 854 3499 constituit:

342 3545 398 3602 τῶν
418 3545 452 3604 δὲ
469 3542 542 3623 μεθ’
562 3544 716 3626 ὡμάοτησε
736 3546 786 3605 καὶ
800 3546 945 3624 Ἁρμονίης
963 3545 1113 3624 Ἀφροδίτη.

344 3634 413 3695 Οὐδ’
432 3635 502 3717 αὐτη
520 3639 652 3713 βασίλεια
673 3638 826 3718 κασιγνήτη
845 3637 912 3705 Διὸς
926 3631 992 3717 Ἥρη

340 3728 483 3809 ἐρχομένη
502 3729 623 3809 δήθυνεν
642 3729 676 3798 ἐς
694 3729 787 3790 ἄλσεα
806 3727 987 3809 Κενταύροιο.

187 3837 271 3908 Quod
291 3839 455 3913 significare
475 3842 536 3900 vult
558 3841 649 3901 »Gom
662 3841 796 3915 Apolline
820 3847 850 3900 00
868 3842 961 3899 Μο010
982 3845 1079 3899 autem
1100 3844 1130 3899 et
1149 3856 1213 3924 cnm
1232 3842 1306 3899 Har·

186 3933 295 4004 monia,
327 3948 401 4004 0000
426 3933 577 3993 Musarum
603 3939 697 3993 mater
723 3934 804 3994 audit
830 3933 908 4006 apud
931 3931 1103 4006 Euripidem
1127 3932 1218 4003 (Med.
1237 3938 1305 4001 030)

186 4025 265 4083 vonit
282 4025 388 4085 Venus.
418 4027 507 4087 Immo
525 4027 595 4086 Iuno
615 4026 773 4100 quoquot.
789 4047 814 4084 .«
847 4027 928 4098 Quae
947 4026 1020 4085 licet
1035 4030 1120 4085 acute
1141 4025 1305 4095 excogitata
