3108 4662
615 309 848 371 -117-

166 492 302 567 Dixerat,
327 494 357 553 ni
382 491 483 567 fallor,
511 493 697 555 Hermionam
721 508 821 555 somno
839 510 1009 569 oppressam
1031 499 1092 555 tam
1113 496 1188 569 alto,
1212 500 1246 556 nt
1267 497 1293 558 si

166 591 282 647 mortua
301 591 391 658 esset,
410 589 545 649 iacuisse.
574 588 659 648 Nunc
678 587 774 648 addit:
799 605 865 648 nam
885 590 912 649 si
932 590 1053 650 Somnus
1073 605 1168 650 comes
1187 588 1292 650 Mortis

166 686 226 754 est,
246 681 346 743 ambos
367 689 485 757 oportet
506 684 601 744 omnia
621 685 782 744 communia
801 690 915 757 nactos,
938 684 1056 744 maioris
1075 682 1174 743 fratris
1195 682 1292 743 lacere

164 771 286 834 officia«
328 775 369 835 Et
393 776 550 837 obsecutus
576 781 622 836 est
640 774 742 836 Lehrs.
783 775 891 837 Goutra
912 776 1072 835 Hermanni
1096 776 1291 837 coniecturam

164 867 238 926 haec
252 869 413 929 Schneider
433 887 461 944 p.
475 877 545 930 410:
568 871 651 930 »Non
671 870 836 943 scripsisset
855 868 937 942 haec,
957 870 1068 944 opinor,
1088 870 1132 928 vir
1146 870 1290 944 egregius,

164 959 191 1017 si
211 962 282 1021 satis
303 963 480 1022 attendisset
499 963 536 1022 ad
557 964 687 1036 proxime
707 968 861 1035 sequentes
873 977 982 1034 versus,
1004 963 1053 1035 qui
1072 963 1148 1022 tales
1168 966 1248 1022 sunt:

320 1083 385 1142 307.
416 1077 501 1141 ἔνθεν
521 1080 726 1160 ἀκηχεμένοισι
742 1080 936 1158 βασυνόμεναι
953 1079 1127 1159 βλεφάροισι·

412 1174 549 1242 πολλάκις
570 1173 739 1244 ὑπνώουσιν,
759 1173 809 1232 ὅτε
829 1174 968 1248 κλαίουσι,
990 1177 1131 1251 γυναῖκες,

163 1291 215 1351 ubi
235 1287 319 1351 ἔνθεν
342 1294 497 1368 significat,
520 1295 594 1355 baec
613 1311 629 1354 e
651 1295 848 1368 superioribus
872 1294 1073 1354 ratiocinando
1093 1291 1176 1352 effici.
1206 1293 1288 1366 atqui

163 1387 300 1446 mulieres
321 1390 441 1447 moestis
462 1395 598 1463 muratas
618 1389 708 1448 oculis
728 1388 843 1461 quando
863 1388 1052 1446 lacrimentur
1076 1402 1165 1461 saepe
1184 1386 1288 1446 obdor-

162 1480 299 1552 miscere,
325 1481 380 1539 hoc
407 1481 549 1553 quomodo
575 1481 692 1540 taudem
715 1481 856 1554 quispiam
876 1481 1050 1540 ratiocinare
1069 1481 1162 1554 possit
1187 1496 1223 1539 ex
1242 1490 1286 1554 eo,

161 1573 240 1645 qnod
255 1574 376 1633 Somnus
391 1591 485 1633 comes
501 1575 540 1633 sit
552 1574 657 1634 Mortis
671 1581 759 1647 atque
773 1581 895 1647 uterque
909 1574 1012 1633 eadem
1027 1572 1123 1636 officia
1136 1579 1286 1649 praestet?

163 1667 249 1727 immo
270 1668 341 1726 illud
361 1674 394 1727 nt
413 1667 564 1742 efficiatur,
584 1684 703 1728 necesse
723 1673 767 1726 est
780 1668 809 1725 in
824 1667 1020 1741 superioribus
1033 1668 1207 1729 mentionem
1222 1684 1286 1731 esse

162 1760 269 1820 saetam
290 1761 516 1835 defatigationis.
546 1763 645 1835 itaque
666 1762 707 1820 sic
726 1763 823 1835 potius
844 1762 952 1820 dixisse
969 1767 1086 1836 poetam
1105 1763 1284 1836 putabimus:

163 1855 319 1915 »inclinata
340 1858 452 1916 cervice
473 1857 640 1929 [Hermione
664 1857 837 1916 obdormivit
862 1855 985 1915 errando
1004 1856 1209 1929 querendoque
1236 1856 1285 1918 de·

160 1947 251 2024 sessa]
271 1943 359 2015 ὕπνος
379 1946 441 2007 ἐπεὶ
461 1949 640 2026 καμάτοιο
661 1948 863 2027 συνέμπομος.ι
896 1950 999 2022 quibus
1014 1951 1112 2009 statim
1131 1951 1214 2010 addit
1233 1966 1285 2011 cur

159 2040 330 2121 σονέμπομοι
350 2061 469 2104 somnus
494 2052 525 2104 et
544 2043 716 2116 defatigatio
737 2045 794 2103 dici
813 2045 939 2118 possint:
1068 2100 1070 2104 .

798 2149 891 2233 oro
911 2150 1023 2232 ἐτΰκθν

366 2244 455 2326 ἄμφω
475 2246 622 2326 ἀναγκαίη,
644 2246 739 2329 ξυνήϊα
759 2247 850 2305 πάντα
871 2246 1022 2325 λαχόντε

365 2336 437 2419 ἔργα
456 2341 656 2419 παλαιοτέροιο
676 2340 856 2421 κασιγνήτοιο
877 2339 1001 2400 διώκειν.

158 2460 201 2519 sic
220 2461 295 2519 eninr
315 2461 389 2520 haec
414 2461 568 2521 scribenda
593 2461 742 2534 videntur,
766 2462 870 2534 quibus
894 2462 949 2520 hoc
973 2461 1045 2520 dicit
1067 2468 1169 2535 poeta:
1197 2478 1281 2522 »nam

157 2553 287 2628 proiecto
307 2555 446 2615 ambobus
466 2556 625 2613 necessitas
638 2556 774 2628 imposita
794 2561 848 2628 est,
868 2561 901 2613 ut
918 2555 1080 2614 communia
1093 2555 1189 2615 omnia
1201 2557 1281 2615 nacti

160 2655 354 2721 exsequantur
373 2649 492 2722 Mortis,
518 2650 635 2709 maioris
660 2649 759 2708 fratris
784 2667 900 2724 opera«
942 2650 1065 2709 Videtur
1089 2656 1185 2710 autem
1204 2652 1281 2737 hanc

157 2744 332 2802 sententiam
353 2742 503 2803 colluthus
524 2743 602 2817 apud
625 2744 811 2803 vetustiorem
833 2744 958 2816 aliquem
983 2748 1099 2817 poetam
1124 2744 1231 2818 legisse
1251 2751 1282 2806 et

156 2836 268 2894 iurem
289 2852 371 2894 suam
391 2837 582 2910 convertisse,
607 2843 641 2895 ut
665 2836 734 2896 lecit
753 2855 779 2897 v.
801 2844 857 2896 318
869 2853 949 2910 seqq.
975 2835 1051 2909 quod
1072 2838 1097 2896 si
1122 2843 1168 2897 est
1186 2836 1282 2913 potuit

157 2930 243 2988 etiam
264 2930 354 2989 verba
374 2926 463 3006 ἄμφω
485 2928 624 3017 ἀναγκαίῃ
644 2930 711 2990 iude
731 2931 900 3004 traducere,
925 2936 958 2990 ut
981 2948 1038 2991 non
1058 2932 1115 2990 iam
1135 2947 1224 2991 causa
1243 2930 1282 2991 sit

157 3040 210 3081 cur
229 3026 293 3096 quis
319 3041 382 3083 cum
404 3024 518 3086 Graefio
539 3024 666 3086 offendat
686 3026 715 3083 in
735 3031 870 3099 correpta
894 3018 996 3084 ultima
1019 3025 1124 3099 prioris
1147 3026 1281 3086 vocabuli

155 3118 276 3191 syllaba.
303 3161 310 3176 .
333 3163 339 3175 .
361 3161 368 3177 .
396 3119 532 3180 Ceterum
552 3119 629 3192 qnod
654 3114 742 3196 ἄμφω
763 3120 853 3177 statui
876 3124 929 3191 pro
949 3115 1057 3196 ἀμφοῖν
1078 3134 1157 3190 esse,
1178 3134 1279 3178 consu-

154 3211 235 3270 lendi
247 3219 314 3272 sunt
326 3213 464 3273 Meinelre
478 3213 518 3272 ad
533 3213 677 3273 Theocrit.
698 3230 727 3287 p.
742 3219 798 3271 316
816 3219 846 3272 et
858 3213 971 3286 Kochly
984 3213 1023 3271 ad
1040 3214 1137 3285 Quint.
1168 3213 1279 3287 Smyrn.

153 3320 182 3378 p.
205 3312 269 3364 113.
310 3306 342 3366 Si
369 3306 418 3379 qui
442 3313 540 3366 tamen
567 3303 656 3381 ἄμφω
682 3322 737 3365 uon
763 3305 913 3365 serendum
937 3308 1117 3381 putaverint,
1142 3312 1280 3381 poterunt

154 3415 218 3457 oum
245 3398 360 3459 Graefio
385 3399 513 3459 scribere
538 3397 652 3477 ἀμφίςκ
696 3400 777 3458 Haec
803 3400 919 3472 quidem
944 3400 1112 3460 Schneider.
1152 3400 1279 3460 Offendit

101 3484 106 3489 ’
154 3493 354 3566 praeteream
369 3494 487 3566 vulgata
501 3495 654 3567 scriptura,
668 3494 745 3567 quod
758 3494 879 3553 Somnus
895 3490 1001 3554 Mortis
1015 3499 1045 3552 et
1058 3491 1236 3571 συνέμπομος
1248 3499 1279 3555 st

154 3586 327 3663 κασίγνητος
350 3588 464 3646 dicitnr.
509 3588 605 3659 Quare
632 3585 838 3646 Schneiderum
863 3594 980 3646 secutus
1005 3603 1081 3658 sum,
1109 3587 1164 3646 etsi
1190 3603 1278 3662 aegre

152 3679 254 3754 ieram,
278 3682 355 3754 quod
374 3698 428 3755 per
448 3683 511 3741 eius
532 3681 761 3741 emendationem
782 3682 863 3740 Mors
883 3683 971 3741 etiam
992 3679 1124 3757 καμάτου
1144 3680 1277 3760 κοσίμνη·

153 3793 205 3839 τος
223 3775 331 3834 dicitur
351 3782 381 3835 et
399 3781 555 3849 praeterea
575 3775 671 3834 verbis
690 3771 892 3851 παλαιοτέροιο
915 3772 1098 3853 κασιγνήτοιο
1122 3790 1179 3835 non
1205 3774 1277 3834 satis

153 3873 289 3929 accurate
305 3867 460 3928 denotatus
480 3874 534 3927 est
559 3900 592 3910 -
614 3867 746 3940 Denique
759 3867 902 3926 Teurnier
920 3885 948 3942 p.
963 3874 1001 3927 46
1014 3873 1166 3942 postquam
1178 3869 1277 3929 multis

153 3962 291 4034 exemplis
316 3961 412 4020 chaus
437 3961 535 4021 docuit
560 3960 679 4021 ultimae
704 3961 832 4033 syllabae
856 3960 887 4018 in
911 3956 1000 4037 dopo
1026 3968 1179 4035 correptae
1205 3961 1277 4020 nihil

152 4051 331 4114 difficultatis
356 4056 451 4115 inesse
476 4053 540 4127 (cir.
568 4051 658 4132 ἄμμιν
682 4053 870 4113 σκυλεύουσι
888 4055 981 4115 Nonn.
1002 4056 1087 4115 Dion.
1106 4056 1190 4115 XLII
1210 4062 1275 4115 o1s.
