3108 4662
607 323 821 386 ..79-

342 507 394 584 νήα
410 496 464 579 μὲν
484 501 534 564 οὖν
553 503 657 583 ἐνόησε
676 505 725 563 καλ
745 504 799 564 οὐκ
818 503 943 585 ήσκησεν
960 505 1085 588 Ἀθήνη(

149 615 313 675 Schneider
332 634 361 688 p.
376 624 432 676 440
454 616 618 675 Colluthum
638 619 683 675 vel
704 617 742 675 ad
756 618 876 677 Homeri
897 621 1058 692 exemplum
1079 622 1133 690 (IX
1147 630 1202 683 283
1225 623 1275 683 νέα

146 707 201 785 μέν
223 729 273 784 μοι
299 707 425 777 κατέαξε
453 706 621 765 Ποσειδάων
645 707 821 788 ἐνοσίχθων)
854 709 921 775 νέας
946 708 983 777 ἃς
1007 709 1060 769 οὐκ
1087 710 1206 793 ἐνόησεν
1233 723 1278 787 (ut
1304 714 1307 721 ’

149 802 285 861 ediderat
312 800 460 872 Schaeier)
488 803 639 874 scripsisse
665 804 711 862 vel
736 804 835 863 Attico
860 821 943 863 usum
969 822 1034 864 esse
1060 807 1129 873 ναῦς
1152 812 1273 882 putavit.

150 904 323 969 »utrumque
343 903 439 956 autem
460 897 586 969 scripsit,
606 898 636 953 in
656 915 690 956 eo
710 916 767 957 non
788 898 845 956 erit
862 898 1049 973 haerendum,
1070 902 1147 973 qnod
1167 919 1274 976 epana-

150 990 240 1062 lepsis
260 988 353 1062 figura
372 1005 441 1047 usus
456 988 605 1048 Oolluthus
618 991 774 1062 repet-itum
789 1006 888 1049 vocem
901 993 1051 1064 paululum
1069 996 1275 1056 immutaverit.

145 1100 215 1141 nam
230 1099 248 1140 a
262 1083 315 1140 tali
329 1084 476 1140 anxietate
494 1089 523 1140 et
537 1083 588 1140 alii
600 1099 689 1156 saepe
703 1091 808 1156 poetae
821 1085 908 1144 alieni
920 1084 1039 1145 fuerunt
1059 1087 1122 1159 (cfr.
1137 1090 1276 1149 Mainake

148 1176 190 1234 od
211 1176 377 1236 callimach.
398 1194 426 1249 p.
442 1181 510 1247 248)
531 1184 561 1234 et
580 1194 682 1249 parum
704 1179 783 1236 iliam
804 1180 898 1251 legem
913 1189 1051 1245 curarunt
1070 1184 1154 1242 huius
1175 1188 1274 1242 sectae

150 1275 269 1341 poetae:
294 1267 344 1326 cfr.
359 1270 452 1328 Noun.
466 1270 585 1342 Dionys.
600 1271 646 1343 47,
661 1278 717 1331 486
739 1266 858 1329 ἔκτανεν
885 1271 965 1330 υἱέα
986 1271 1087 1352 μήτηρ,
1112 1271 1206 1353 μήτηρ
1226 1272 1274 1333 ἔκ-

151 1380 234 1419 τανεν
255 1359 319 1420 οἷα.
349 1363 489 1436 Paraphr.
506 1362 534 1420 Σ
545 1371 579 1422 41
1004 1365 1116 1424 τελέθοι

311 1456 460 1522 Γαλιλαῖος
476 1453 600 1534 Ἰησοῦς,
623 1454 734 1534 Ἰησοῦς
756 1457 903 1524 Γαλιλαῖος
923 1455 983 1535 ἐγὼ
1003 1458 1115 1520 πέλονα,

151 1569 216 1641 Ego
237 1585 299 1626 cum
322 1575 352 1627 et
372 1568 439 1633 νέας
458 1565 494 1633 ἃς
514 1574 544 1626 et
565 1567 633 1633 ναῦς
652 1566 688 1632 ἃς
708 1586 726 1626 a
745 1570 841 1627 Nonni
869 1571 988 1641 eiusque
1014 1575 1190 1630 sectatorum
1210 1578 1276 1630 arte

151 1680 270 1736 prorsus
291 1662 447 1721 abhorrere
467 1662 676 1735 reputaverim,
704 1662 871 1720 dubitanter
891 1663 960 1740 νήας
980 1659 1010 1719 δ’
1030 1659 1084 1720 οὐκ
1104 1665 1215 1736 scripsi.
1240 1697 1273 1706 -

148 1751 204 1812 οὐκ
223 1753 325 1833 ενάησε
353 1754 400 1811 καλ
420 1753 599 1832 οοκήσκησεν
618 1756 666 1828 Μ,
691 1756 780 1813 tacite
805 1772 879 1815 corr.
899 1755 1025 1813 Bekker.
1053 1788 1087 1797 -
1115 1754 1182 1815 202
1210 1754 1277 1833 άοτι

151 1865 187 1906 ex
200 1849 233 1905 M
253 1848 371 1907 Bekkor
392 1855 502 1922 etpost
523 1865 587 1906 eum
602 1834 677 1918 edd,
698 1847 760 1904 ἀντὶ
778 1850 841 1906 rell.
857 1849 940 1907 codd.
956 1855 987 1907 et
1007 1849 1087 1921 edd.;
1106 1882 1144 1891 -
1161 1869 1214 1925 μεν
1227 1850 1262 1931 M
1269 1868 1276 1921 ;

150 1941 265 2000 eleates
287 1936 373 2018 άρέος
385 1942 432 2014 Μ;
452 1939 594 2019 ηλλάξατο
609 1943 649 2012 Μ,
664 1939 802 2019 ήλλέξατο
816 1944 852 2014 Α,
867 1939 1005 2010 ἐλλέξατο
1021 1943 1060 2015 Q;
1087 1977 1114 1984 -
1139 1941 1204 2002 203
1219 1940 1276 2000 ἐπι-

148 2055 255 2112 κουρον
268 2036 315 2107 Μ;
342 2054 537 2113 εφεσπομενην
551 2036 598 2108 Μ,
624 2032 821 2112 ἐφέσπομένην
834 2038 874 2107 Α;
905 2036 1121 2113 αφροδιτηνΜ;
1146 2069 1182 2078 -
1210 2034 1277 2095 204

147 2129 306 2187 ακταίοισιν
317 2130 364 2201 Μ,
378 2127 566 2205 ἐλασσάμενος
576 2129 618 2202 M,
639 2127 826 2205 ἱλασσάμενος
838 2129 860 2188 0
874 2137 941 2187 ante
955 2146 1039 2201 corr,
1053 2129 1143 2202 LNR,
1165 2127 1277 2185 ἱλασσά-

143 2276 234 2332 μενος
245 2256 267 2315 0
277 2262 344 2329 post
354 2273 438 2328 corr,
454 2220 639 2333 ἰλήάσάμενος
652 2257 685 2328 Ρ,
707 2256 894 2332 ἱλασκόμενος
908 2256 987 2328 SW,
1007 2227 1197 2331 λ’λασκόμενος
1209 2257 1277 2327 AQ,

150 2348 340 2425 ἱλασσάμενος
353 2350 457 2422 scripsi
471 2350 647 2409 Schneidoro
661 2350 815 2409 obsecutus
838 2366 919 2408 »nam
942 2366 976 2408 eo
990 2351 1053 2423 ipso
1073 2354 1205 2424 tempore
1220 2366 1277 2421 quo

146 2459 237 2515 super
256 2448 374 2515 tergora
386 2443 475 2501 maris
488 2443 654 2515 navigabat,
674 2441 842 2506 ἀκταιόις
862 2442 977 2515 quidem
998 2442 1145 2502 sacrificiis
1160 2444 1278 2516 placare

148 2534 235 2593 deam
245 2536 328 2594 Paris
341 2554 398 2595 non
411 2537 534 2608 potuit«.
559 2536 617 2594 Sed
630 2537 721 2593 falsus
736 2541 801 2593 erat
812 2535 970 2594 Schneider
983 2543 1075 2608 p.426
1090 2537 1185 2608 ipsum
1201 2535 1278 2593 ἱλασ-

149 2625 277 2703 σάμενος
290 2631 318 2686 in
329 2629 362 2687 M
373 2637 522 2689 exaratum
535 2646 599 2688 esse
610 2629 741 2688 credens.
755 2661 789 2670 -
803 2625 921 2685 θνέσσιν
930 2629 974 2700 R;
993 2661 1023 2669 -
1040 2626 1105 2686 205
1120 2623 1217 2685 ἔλλεεν
1230 2629 1264 2687 Μ
1269 2648 1277 2700 ;

145 2717 336 2797 ἐλλήσποντον
349 2724 391 2797 Μ,
405 2720 569 2781 ἑλίσποντον
584 2724 623 2794 Q3
644 2719 768 2797 ἐπεορέα
781 2722 859 2793 M03
879 2719 1030 2795 θαλάσσης
1044 2721 1114 2794 MG,
1136 2727 1166 2779 et
1180 2723 1278 2793 glossa

148 2815 179 2872 in
193 2815 224 2887 O,
245 2814 369 2894 τηθήνης
383 2817 420 2888 C,
441 2815 556 2893 τιθήνης
574 2817 637 2874 reli.
658 2816 742 2875 codd.
763 2821 794 2873 et
807 2816 873 2876 edd.
887 2831 999 2887 omnes,
1025 2821 1145 2887 praeter
1164 2815 1276 2884 Lehrs,

149 2909 200 2979 qui
222 2907 342 2987 γαλήνης
360 2911 473 2983 recepit
493 2927 529 2969 ex
548 2911 727 2983 coniectura,
752 2927 838 2982 quam
862 2908 932 2968 fecit
957 2909 1077 2982 Lennep
1103 2909 1277 2981 comparatis

144 3006 255 3061 vv.22'i
269 3008 300 3061 et
310 3010 375 3076 362,
387 3009 417 3062 et
432 3005 523 3063 Nonn.
534 3012 604 3075 3,60
619 3000 723 3075 (άπνοα
733 3002 867 3082 σιγαλέης
881 3000 1055 3061 ἐτανύσσετο
1070 3003 1162 3061 νῶτα
1176 3000 1278 3081 γαλή-

151 3098 225 3172 νης)
242 3101 272 3153 et
284 3097 418 3168 probavit
430 3097 576 3155 Hermann
586 3099 669 3170 pli.
690 3096 792 3165 Iulien,
807 3104 923 3155 secutus
938 3113 956 3154 a
970 3095 1134 3169 Sohaefero,
1155 3097 1185 3154 id
1200 3095 1277 3169 quod

153 3189 318 3248 coniecerat
327 3190 414 3248 etiam
423 3188 583 3259 Brodaeus,
594 3188 818 3260 repudiaverunt
831 3194 928 3246 autem
938 3187 1094 3246 Dorvillius
1106 3192 1137 3245 et
1146 3188 1276 3262 Lennep,

143 3279 310 3359 θαλάσσης,
331 3282 430 3340 edidit
462 3280 567 3341 Confer
581 3282 669 3339 etiam
683 3279 828 3341 Graefium
847 3298 876 3353 p.
892 3287 961 3339 249:
984 3281 1140 3340 »Fortasse
1161 3278 1276 3358 τιθήνης

149 3375 310 3448 proximum
334 3391 448 3433 versum
472 3374 643 3447 claudebat,
667 3373 706 3433 ad
731 3390 816 3446 quem
841 3374 953 3431 librarii
977 3375 1077 3432 oculus
1104 3390 1168 3432 cum
1194 3373 1276 3432 aber·

148 3471 255 3533 rasset,
274 3466 381 3525 factum
403 3473 456 3538 est,
480 3473 513 3526 ut
534 3467 623 3525 verba
642 3467 815 3539 interposita
835 3468 1046 3525 omitterentur.
1068 3469 1131 3526 ,Ita
1150 3466 1274 3539 cogitari

144 3566 230 3620 certe
249 3565 356 3634 potest,
376 3577 455 3620 mare
476 3558 588 3638 τιθήνην
609 3578 627 3620 a
645 3561 761 3619 Venere
780 3562 892 3619 marina
911 3562 1016 3632 vocari,
1039 3561 1142 3619 veluti:

251 3683 352 3747 ἔπλεεν
366 3686 570 3766 Ἑλλήσποντον
589 3685 638 3746 ἐπ’
658 3683 746 3763 εὐρέα
765 3689 844 3746 νῶτα
864 3687 1063 3767 θαλάσσης·

252 3777 328 3840 οὐδ’
348 3780 434 3848 ἁλὸς
453 3779 531 3839 οἶδε
550 3782 620 3840 θεὰ
646 3780 850 3857 λειαινέμεν
870 3778 977 3857 οἶδμα
996 3779 1149 3861 τιθήνης.

148 3912 243 3970 relate
264 3912 302 3969 ad
322 3928 347 3971 v.
362 3918 450 3970 202s.
480 3911 538 3970 Sed
558 3910 577 3969 f.
599 3908 714 3990 τιθήνης
734 3917 828 3971 ortum
848 3916 894 3970 est
914 3928 949 3970 ex
974 3912 1049 3968 male
1073 3909 1201 3983 repetita
1221 3909 1275 3981 syl-

19 4008 23 4109 λ
149 4037 218 4097 laba
237 4044 384 4112 postrema
396 4055 457 4098 voc.
479 4038 567 4096 νῶτα
587 4043 618 4097 et
630 4040 764 4112 genetivo
779 4036 932 4115 θαλάσσης
945 4053 999 4112 per
1012 4036 1161 4111 compend.
1177 3997 1276 4092 θαλσθ
