3122 4656
489 900 804 998 ΚΟΛΟΥΘΟΥ
842 900 989 998 ΒΙΟΣ.

261 1085 423 1164 Ιίολοῦιλος
438 1086 648 1176 Λυκοπολίτης
664 1087 803 1176 θηβαῐος
814 1087 969 1170 ἐποποιός,
982 1088 1121 1172 γεγονὼς
1135 1088 1212 1153 κατὰ
1227 1086 1305 1152 Σού·

173 1190 286 1255 &avenz
295 1187 492 1254 Ἀνασιασίου
504 1192 558 1254 τοῦ
566 1188 734 1278 κληθέντος
742 1190 908 1278 Βραγίνου,
917 1189 999 1275 μετὰ
1012 1189 1146 1278 Ζήνωνα
1158 1190 1305 1274 βασιλεύ-

176 1313 290 1368 σαντος
311 1291 345 1354 έν
369 1290 700 1372 Κωνσταντινουπόλει,
721 1289 800 1375 μεθ’
822 1289 859 1355 ὃν
879 1291 1085 1375 ἐβασίλευσεν
1106 1289 1305 1369 Ἰουστῒνοςί

175 1391 282 1480 θρᾴέ,
310 1394 359 1456 καί
385 1391 459 1478 μετ’
488 1392 605 1458 ἐκεῖνον
633 1392 846 1468 Ἰουστινιανὸς
868 1395 885 1457 ὁ
908 1394 1010 1477 θεῖος,
1039 1394 1057 1455 ὁ
1080 1392 1306 1480 ἐλευθερώσας
1340 1414 1358 1466 5

172 1494 298 1560 Ἰταλίαν
321 1498 377 1583 τῆς
399 1494 543 1570 δουλείας
569 1499 632 1560 τῶν
655 1494 786 1559 [ww
805 1495 857 1559 διὰ
879 1495 1080 1580 Βελισαρίου,
1110 1496 1239 1580 ἀνεψιὸς
1261 1494 1306 1559 ὢν

173 1595 302 1678 ἐκείνου,
319 1597 402 1686 χίλια
425 1595 479 1685 ἔτη
503 1595 565 1662 εἶσὶ
587 1599 636 1662 καὶ
652 1598 763 1684 μικρόν
778 1621 806 1662 τι
829 1599 918 1682 πρός.
946 1596 1044 1673 Οὗτος
1065 1596 1188 1683 ἔγραψε
1210 1597 1306 1661 Καλυ

97 1720 100 1729 ’
173 1700 311 1764 δοινιακὰ
338 1700 380 1763 δι’
408 1700 494 1764 ἐπῶν
524 1701 558 1764 έν
579 1700 714 1785 βιβλίοις
741 1699 790 1782 έέ,
821 1701 869 1764 καί
896 1699 1049 1785 Ἐγκώμια
1079 1700 1129 1765 καί
1155 1698 1304 1783 Περσικά.

176 1800 282 1887 Τούτῳ
306 1800 527 1887 ἐπιγέγραπται
554 1803 603 1866 καί
631 1804 667 1866 τὸ
690 1803 791 1888 παρὸν
819 1801 935 1889 ποίημα
956 1797 1080 1890 Ἑλένης
1095 1797 1245 1889 Ἆρπαγή,
1272 1800 1307 1863 έν

170 1900 311 1991 Ἀπουλίᾳ
335 1902 473 1991 σύνηθες
495 1906 543 1968 καί
564 1905 732 1989 γνώριμον,
755 1905 835 1968 ὅπου
858 1906 907 1968 καί
927 1906 947 1992 ή
970 1905 1092 1991 ποίησις
1114 1905 1168 1967 τοῦ
1184 1900 1307 1991 Ὁμηρι-
1325 1910 1358 1963 10

174 2007 227 2068 κοῦ
250 2002 379 2069 Κοίντου
408 2009 535 2091 πρῶτον
565 2003 695 2094 εὕρηται
725 2004 759 2069 έν
786 2008 833 2092 τῷ
856 2008 924 2092 ναῷ
953 2003 1008 2069 τοῦ
1037 2004 1126 2070 θείου
1154 2003 1306 2069 Νικολάου

172 2109 236 2168 τῶν
257 2105 452 2170 Κασσούλιον
475 2105 538 2181 ἔξω
561 2111 616 2172 τοῦ
632 2103 821 2193 Ὑδράντου·
845 2107 863 2171 ὃ
886 2108 1059 2185 άνασιίσας
1080 2108 1098 2169 ὁ
1121 2105 1207 2180 θεῖος
1222 2108 1306 2195 Βησ-

174 2209 295 2292 σαρίιον
323 2209 340 2271 ὁ
370 2207 493 2286 Νικαίας
521 2208 701 2295 καρὸινάλις
735 2209 970 2274 θουσκουλανοῦ
1005 2210 1068 2282 τοῖς
1100 2207 1306 2292 βουλομένοις

171 2307 333 2374 ἐκοίνωσε.
377 2307 437 2374 Καὶ
463 2313 553 2375 τοῦτο
584 2310 620 2375 δὲ
648 2310 833 2396 ἀπόκρυφον
856 2313 985 2394 γεγονὸς
1008 2314 1061 2374 νῦν
1083 2312 1185 2374 κοινὸν
1208 2308 1304 2374 ἔσται.

580 2506 881 2584 mmmm.
940 2569 944 2577 .
1324 2535 1356 2588 ιο

249 2642 339 2713 ’Ἑστι
360 2648 397 2711 δὲ
420 2648 496 2711 ίὸείν
519 2646 552 2711 έν
576 2647 676 2734 τούτῳ
700 2651 754 2737 τήν
777 2647 811 2712 ἐν
834 2650 879 2734 τῷ
900 2651 992 2734 γάρῳ
1022 2652 1076 2712 τοῦ
1105 2647 1235 2735 Πηλέως
1256 2648 1304 2711 καί

171 2746 299 2825 Θέτιδος
328 2751 514 2838 συναγωγήν
542 2754 604 2815 τῶν
630 2749 730 2830 θεῶν,
760 2751 810 2814 καὶ
839 2751 893 2838 τήν
921 2753 976 2839 τής
995 2742 1123 2833 ’Ἑοιὸος
1149 2746 1304 2836 σύγχυσιν,

170 2851 219 2915 καὶ
244 2849 309 2936 ἔριν
331 2852 403 2937 περὶ
426 2854 480 2916 τοῦ
500 2852 618 2941 μήλου,
646 2853 695 2917 καὶ
716 2853 763 2917 ὅτι
785 2852 803 2916 ὁ
826 2851 909 2929 Ζεὺς
931 2851 1070 2936 ἔπεμψεν
1087 2846 1203 2938 Ἑρμῆν
1226 2850 1305 2935 πρὸς

169 2950 273 3039 Πάριν
296 2954 461 3038 κρινοῦντα
487 2953 543 3028 τὰς
570 2958 654 3036 τρεῖς
675 2951 771 3033 θεὰς,
802 2954 911 3039 καλιῇ
933 2949 1137 3039 εὐειδεστέρᾳ
1159 2951 1305 3015 δώσοντα

170 3058 205 3121 τὸ
225 3057 338 3145 μῆλον.
371 3055 431 3120 Καὶ
452 3056 575 3121 πολλῶν
593 3056 760 3145 ῥηθέντων
783 3057 801 3119 ὁ
821 3054 922 3141 Πάρις
944 3055 1067 3120 δέδωκε
1088 3055 1127 3141 τῇ
1139 3051 1303 3140 Ἀφροδίτη
1320 3057 1355 3110 2⁰

169 3159 205 3222 τὸ
229 3160 347 3247 μῆλον,
380 3158 430 3223 ἐπὶ
462 3158 630 3248 ὑποσχέσει
659 3158 768 3242 λαβεῖν
802 3158 857 3246 τήν
886 3153 1028 3245 Ἑλένην·
1059 3155 1077 3219 ὃ
1106 3157 1156 3220 καί
1183 3155 1302 3239 γέγονε.

170 3257 317 3336 Ιίλειίσας
337 3261 399 3344 γάρ
415 3260 460 3336 είς
483 3264 538 3350 τήν
557 3257 701 3338 Ἑλλάδα,
722 3261 771 3325 καί
793 3259 841 3335 είς
859 3259 1020 3348 Σπάρτην,
1044 3261 1093 3322 καὶ
1107 3257 1215 3339 λαβὼν
1230 3248 1304 3318 ἐκεί·

171 3381 237 3446 νην,
258 3361 416 3449 ἀνήγαγεν
439 3362 483 3437 είς
497 3359 600 3439 Ἴλιον,
622 3364 715 3426 κακὸν
738 3361 911 3450 ἀρχέκακον
933 3363 1057 3427 πάντων
1080 3363 1143 3424 τῶν
1159 3358 1280 3422 δεινῶν.

255 3526 366 3596 Habet
386 3530 472 3596 hano
492 3532 592 3598 vitam
621 3532 751 3598 saeculo
780 3532 892 3616 quinto
919 3529 1043 3596 decimo
1073 3532 1209 3594 exeunte
1230 3547 1304 3595 con·

169 3614 326 3697 scriptam
347 3613 418 3681 cod.
440 3616 469 3680 A
491 3621 525 3683 et
545 3616 665 3681 Aldina
686 3616 801 3698 editio,
831 3615 917 3681 unde
938 3615 973 3680 in
993 3617 1140 3679 caeteras
1161 3612 1301 3678 transiit.

168 3719 198 3764 v.
218 3700 238 3762 2
261 3699 389 3764 Σοῦὸαν
411 3699 455 3781 Α,
485 3700 622 3766 Σουίὸαν
644 3700 796 3767 Neander
820 3704 855 3766 et
875 3699 1014 3805 Ubelus3'
1041 3698 1236 3847 3N8pa1w05
1259 3696 1301 3800 Ast

171 3784 211 3848 13
240 3786 430 3870 καρὸινάλς
462 3785 697 3851 άουσκουλάνου
724 3785 752 3849 Α
759 3835 769 3868 ,
805 3786 1032 3859 τουσκουλανος
1096 3782 1226 3848 eander.
1262 3782 1302 3846 14

170 3866 359 3957 ἐκοινώνησε
388 3807 433 3949 λ,
464 3869 538 3937 fort.
561 3875 665 3952 rect03
696 3871 734 3935 δέ
759 3875 836 3954 post
865 3873 955 3934 τοῦτο
983 3887 1042 3934 om.
1073 3866 1118 3951 A3
1149 3865 1303 3951 hypothe-

169 3970 241 4017 seos
262 3952 376 4019 titulus
397 3953 431 4018 in
452 3954 557 4020 Aest:
581 3954 731 4033 ὑπόθεσις
759 3960 812 4021 τοῦ
842 3954 997 4038 παρόντος
1020 3954 1204 4042 ποιήματος,
1232 3954 1302 4013 tum

170 4038 219 4100 καί
233 4041 325 4103 τοῦτο
340 4056 401 4121 pro
417 4040 450 4103 έν
467 4040 568 4127 τούτῳ
584 4042 620 4106 Α.
