3122 4656
698 401 889 465 ..6-

231 588 276 654 ad
297 578 566 672 praestantissimi
581 584 699 652 codicis
713 585 902 652 Mutinensis
924 607 945 652 a
966 606 1000 652 se
1021 586 1125 671 primo
1146 586 1230 651 mira
1250 586 1356 671 negle-
1484 617 1486 621 ¹
1523 672 1529 681 .

232 699 342 784 gentia
352 697 462 764 collati
476 696 573 762 fidem
592 695 694 762 edidit
709 697 868 780 auxitque,
885 701 918 762 et
931 697 964 762 in
980 698 1065 762 notis
1079 716 1134 762 eos
1148 694 1255 762 Nonni
1268 696 1356 764 locos

170 794 173 799 ⁵
228 808 396 890 indicarit,
411 828 500 892 quos
523 827 544 872 a
565 800 714 873 Gollhtho
734 812 898 890 respectos
913 828 983 874 esse
997 807 1076 873 uidit
1090 807 1253 873 indefessa
1268 809 1356 875 War-

228 917 307 984 nihii
319 973 321 977 .
333 917 510 1002 diligentia.
562 921 611 984 Ex
639 934 698 983 sua
715 917 816 1001 ipsius
839 918 1021 984 coniectura
1042 916 1171 983 Behker
1187 907 1254 984 fe're
1275 917 1356 983 nihil

228 1028 503 1112 mutantesque
526 1026 605 1093 locis
634 1027 907 1111 depravatissimis
931 1027 982 1092 rel
1004 1031 1116 1093 contra
1138 1033 1276 1094 metrum
1298 1048 1358 1111 pu·

229 1139 400 1223 guantihns
422 1140 561 1204 animum
584 1140 750 1205 advertere
771 1138 879 1206 voluit.
914 1138 1194 1217 Hanc‚‘editionem
1209 1139 1262 1204 vix
1278 1137 1358 1203 duo-

229 1249 289 1315 bus
315 1244 407 1316 locis
420 1253 579 1314 mutatam
606 1250 709 1332 repeti
730 1250 858 1315 curavit
879 1249 918 1314 G.
934 1249 975 1315 H.
998 1249 1152 1315 Schaefer
1173 1249 1300 1331 lipsiae
1324 1269 1359 1315 a,

231 1352 313 1426 1823
335 1359 420 1445 typis
441 1359 661 1442 Weigelianis,
691 1360 746 1443 qui
768 1360 868 1426 etiam
890 1358 1096 1444 Neapolitani
1119 1359 1237 1426 codicis
1259 1359 1360 1426 colla·
1493 1407 1497 1411 -

227 1470 346 1536 lionam
367 1470 474 1537 nescio
495 1489 594 1554 aquo
605 1470 878 1554 neglegentissime
892 1470 1069 1537 conlectam
1090 1471 1218 1536 adiecit.
1264 1470 1361 1536 Eius·

231 1579 305 1645 dem
330 1579 469 1646 Behkeri
490 1580 628 1663 vestigiis
648 1580 797 1646 insistens
820 1581 856 1645 Α.
880 1580 1035 1646 Stanislas
1051 1580 1157 1647 Julien
1173 1579 1357 1645 (lolluthum

229 1688 331 1756 edidit
353 1688 485 1753 Parisiis
516 1708 546 1752 a.
571 1690 669 1769 1823,
698 1690 731 1754 in
760 1710 825 1773 qua
854 1690 993 1756 editions
1022 1691 1160 1756 correxit
1189 1710 1361 1756 amorosa

170 1832 180 1837 -
229 1798 380 1866 Behhero
405 1798 439 1863 in
467 1799 682 1865 exscribendis
711 1800 864 1882 Lennepii
891 1801 975 1866 notis
1002 1801 1205 1880 commissos,
1239 1800 1359 1865 iterum

231 1890 368 1979 contulit
396 1907 476 1975 duos
499 1910 625 2000 codices
644 1909 805 2007 {aricinos
828 1911 914 1995 (Pet
930 1913 970 1995 Q)
994 1931 1165 1994 eorumque
1185 1911 1357 1993 imaginem

229 2019 308 2085 satis
329 2019 457 2086 fidelem
479 2019 635 2099 adiunxit,
658 2020 788 2086 addidit
809 2042 864 2086 sex
879 2022 1051 2101 versiones,
1073 2022 1234 2099 Latinam,
1258 2019 1357 2084 Fran-

227 2130 431 2214 cogallicam,
452 2130 609 2210 Italicam,
632 2114 849 2214 Hispanicum,
873 2131 1106 2210 Germanicam,
1130 2138 1163 2196 et
1183 2136 1294 2210 notas,
1323 2130 1357 2194 iu

229 2239 343 2325 quibus
364 2240 506 2323 priorum
520 2240 733 2322 interpretum
750 2246 783 2305 et
796 2242 979 2307 criticorum
995 2241 1171 2306 sententias
1185 2261 1249 2306 non
1264 2239 1358 2307 nimis

230 2348 435 2434 neglegenter
457 2350 654 2416 enumeravit
672 2355 705 2416 st
722 2350 874 2416 nonnulla
889 2356 996 2417 textus
1010 2352 1088 2416 utin
1110 2351 1284 2416 emendare
1306 2369 1357 2416 oo-

230 2464 324 2526 natus
355 2465 413 2527 est.
458 2459 629 2543 Aliquanto
654 2460 732 2545 plus
762 2462 873 2541 credo,
901 2461 1002 2527 Iulian
1030 2461 1232 2544 profecisset,
1260 2460 1288 2524 si
1316 2459 1358 2525 le·

230 2569 327 2654 gisset
349 2590 389 2636 ea
411 2589 494 2653 quae
517 2590 743 2654 nonnunquam
767 2571 951 2637 felicissima
965 2568 1111 2635 Graefius
1127 2569 1283 2635 Demetrii
1297 2568 1358 2636 Po·

229 2679 322 2765 poifii
346 2680 621 2747 observationibus
642 2681 676 2747 in
696 2679 878 2747 Colluthum
899 2680 1088 2765 conscriptis
1112 2679 1169 2745 sed
1191 2699 1356 2762 nunquam

230 2793 267 2856 nt
288 2766 414 2856 uidetur
434 2790 521 2873 typis
542 2782 703 2855 mandatis
729 2791 771 2856 ad
791 2792 873 2856 hunc
886 2790 1031 2855 laborem
1048 2790 1206 2855 excitatus
1229 2789 1272 2853 ad
1288 2787 1360 2854 [lol-

229 2898 355 2964 lethum
382 2897 616 2964 emendandum
646 2899 885 2982 excogitaverat
905 2899 956 2963 vel
976 2898 1064 2963 haud
1085 2896 1133 2963 ita
1154 2918 1231 2963 raro
1254 2897 1360 2963 hario-

230 3005 316 3072 latus
347 3005 454 3090 potius
481 3011 553 3075 arat
573 3007 735 3091 Petropoli
766 3029 795 3073 a.
822 3008 912 3090 1818,
940 3027 1022 3091 quae
1044 3007 1185 3091 repetita
1210 3008 1361 3091 leguntur

230 3115 265 3181 in
286 3115 373 3182 ealce
394 3114 542 3182 editionis
563 3116 788 3200 Lennepianae
806 3116 1012 3183 aSchaefero
1034 3122 1167 3182 curatae
1189 3121 1234 3201 (p.
1248 3120 1359 3183 241-

230 3226 319 3310 260).
360 3224 464 3291 Multo
485 3225 581 3309 plura,
597 3246 679 3311 quae
693 3226 824 3309 probari
837 3226 965 3310 possint
980 3225 1116 3310 protulit
1131 3226 1264 3292 Godofr.
1279 3226 1360 3293 Her·
1480 3242 1484 3249 ⁴

231 3354 330 3403 mann
363 3334 397 3402 in
434 3335 740 3403 »Emendationibus
773 3336 924 3402 Goluthi«
960 3336 1102 3421 (Lipsiae
1134 3337 1230 3419 1828)
1269 3331 1359 3403 cuius

230 3445 361 3512 inventa
389 3444 614 3511 audacioribus
641 3445 831 3531 quibusdam
862 3450 986 3512 tantum
1014 3446 1141 3511 reiectis
1164 3446 1231 3511 fere
1253 3446 1360 3512 omnia

147 3573 149 3577 ·
231 3554 422 3633 intextum
453 3555 576 3638 recepit
602 3556 638 3621 F.
659 3556 691 3621 S.
718 3555 820 3623 Lehrs
853 3556 909 3640 qui
944 3556 978 3620 in
1008 3557 1116 3640 prima
1144 3557 1285 3623 editione
1315 3557 1358 3640 (a

234 3665 317 3731 1840
336 3664 372 3728 in
388 3664 572 3731 collectione
587 3665 760 3732 Didotiana
774 3684 846 3730 cum
861 3666 1015 3745 Hesiodo,
1038 3666 1155 3744 Qirinto
1171 3668 1359 3751 Smyrnaeo,

232 3773 403 3858 Apollonio
417 3773 554 3853 Rhodio,
576 3775 715 3856 Musaeo,
738 3776 969 3861 Tryphiodoro,
991 3778 1119 3860 lustra)
1142 3777 1183 3844 ds
1200 3799 1258 3844 suo
1280 3774 1360 3842 nihil

231 3883 298 3964 fere
311 3883 448 3966 addidit,
470 3884 777 3954 insecundaautem
792 3887 967 3953 eorundem
990 3887 1184 3972 scriptorum
1209 3886 1358 3967 ausone,

234 4012 317 4079 qnae
338 4015 423 4064 anno
439 3997 522 4062 1842
542 3996 701 4081 prodiisse
723 3997 847 4073 dicitnr,
869 3997 950 4063 duos
964 3996 1105 4064 colluthi
1126 4014 1237 4063 veram
1253 3996 1359 4063 allu-

233 4105 350 4172 tinensi
377 4105 461 4174 libro
490 4107 558 4174 solo
586 4112 729 4174 servatos
757 4112 792 4173 et
817 4126 838 4172 a
859 4105 985 4175 Millero
1005 4106 1112 4191 primo
1134 4105 1294 4175 indicatos
1318 4145 1359 4158 ·-
