3122 4656
625 306 835 368 ..39..

168 494 270 564 nen,
292 456 386 550 reae?
392 494 428 565 P,
449 490 534 550 ιισπ
554 492 651 564 usu,
678 454 844 564 reai‘sni,
869 487 1011 562 racem,
1036 486 1123 546 esee
1143 489 1295 561 eumn]

170 586 234 643 edd.
249 592 317 644 ante
328 586 453 644 Bekker.
469 617 505 627 —
519 583 564 642 40
576 585 684 663 χειρῶν
699 582 811 659 αλέγιζε
821 585 868 655 Μ;
887 581 1028 658 εμπάζετο
1039 583 1072 640 Μ
1088 591 1117 652 1;
1134 616 1145 622 -Ᾰ
1156 616 1168 622 --
1184 581 1222 640 41
1236 579 1294 660 ἥδ’

168 700 223 751 «ρο,
244 674 291 754 ἧδ’
307 686 337 737 ut
352 678 466 736 videtur
479 679 511 735 M
526 687 543 736 2
559 695 593 737 ex
606 675 662 755 ηδ’,
683 674 730 754 ἧδ’
746 678 782 748 Ρ,
803 676 849 755 ηδ’
866 679 926 737 rell.
942 678 1024 736 codd.
1040 681 1071 734 et
1090 676 1169 746 edd.;
1187 672 1295 752 βησσή-

169 791 251 837 εντος
277 773 309 829 Μ
332 781 356 830 1.
382 770 444 849 ποιη
471 772 677 844 suprascripsit
700 771 732 827 M
754 779 779 828 2.
806 769 952 848 ποιήεντος
975 772 1037 828 rell.
1065 769 1147 829 codd.
1174 775 1204 827 et
1228 769 1294 827 edd.

167 873 286 939 praeter
304 865 429 924 Bekker.
452 872 482 923 et
501 866 613 937 Lehrs,
634 866 682 936 qui
699 862 879 942 βησσήεντος
898 866 1053 938 probatum
1075 865 1161 922 etiarn
1183 862 1294 922 sensuri

169 958 362 1030 Gottingeusi,
381 958 457 1028 qued
470 957 563 1015 Lelirs
578 966 674 1015 temen
695 975 748 1031 per
768 958 889 1017 herbido
911 961 1007 1031 vertit,
1029 975 1065 1016 ex
1084 960 1116 1016 M
1133 967 1156 1017 1.
1177 973 1295 1030 recepe·

167 1059 242 1110 runt.
287 1052 366 1109 Idem
394 1068 447 1123 ego
468 1052 588 1124 retinui,
615 1053 684 1109 lieet
704 1049 807 1128 νομοὺς
828 1050 904 1108 κατὰ
923 1050 1072 1128 ποιήεντας
1091 1054 1120 1109 in
1140 1052 1245 1124 hymno
1265 1052 1294 1107 in

169 1147 311 1203 Venerem
325 1163 349 1202 v.
365 1147 401 1204 78
419 1152 449 1203 et
469 1147 574 1203 similia
593 1146 662 1204 alibi
682 1148 826 1218 legantur.
843 1179 876 1187 —-
900 1142 955 1206 ἄπο
970 1143 1151 1224 πλᾶγχᾶεῖσα
1164 1145 1204 1214 Μ,
1227 1143 1295 1200 ἄπο·

167 1235 332 1316 πλαχθεῖσα
352 1238 383 1310 G,
404 1237 621 1315 ἀποπλαχᾶεἴσε
643 1240 675 1310 L,
695 1238 952 1317 ἀποπλαγχθεῖσα
972 1239 1012 1309 G;
1036 1272 1067 1281 ——
1090 1237 1133 1296 42
1154 1234 1294 1314 ἐριραίνη-

168 1351 211 1390 σιν
233 1332 272 1403 G3
292 1328 324 1388 ἐν
338 1332 379 1404 Μ,
400 1329 441 1389 ἐνι
462 1332 533 1405 OQ3
554 1331 713 1410 ξυλόχοισιν
735 1351 771 1391 ex
791 1332 953 1411 ξολοχοῖσιν
973 1334 1005 1390 Μ
1020 1341 1055 1402 2.,
1077 1330 1239 1410 ξηλόχοισιν
1258 1330 1294 1402 L,

168 1423 314 1502 ξολόχοισι
327 1425 364 1496 Ο;
379 1457 409 1466 κ
426 1424 539 1482 ἄλᾶιται
550 1444 585 1483 ex
597 1425 699 1483 ἀλᾶται
710 1427 742 1484 Μ
753 1435 789 1499 2.,
803 1425 906 1483 ἀλᾶται
916 1427 977 1493 Ριι,
992 1425 1093 1482 ἀλάται
1103 1429 1134 1497 Ιι;
1144 1457 1182 1466 -
1195 1422 1237 1482 43
1251 1419 1293 1480 el.

168 1535 204 1576 ex
217 1518 256 1575 ελ.
273 1518 305 1574 Μ
319 1526 355 1591 2.,
376 1514 492 1596 ἐλατῆρι
507 1519 573 1590 CP;
592 1552 627 1560 -
648 1518 691 1577 44
702 1518 888 1596 βαροζηλοισι
903 1520 938 1591 03
954 1552 990 1562 -
1009 1518 1050 1577 45
1071 1516 1172 1583 δαῖτας
1189 1518 1293 1588 LNQ;

168 1660 314 1737 ορινππ,
328 1627 417 1739 psi}
429 1665 501 1732 nn,
515 1662 616 1740 ορπεπ
628 1665 666 1737 Q;
681 1697 718 1706 -
738 1663 781 1722 46
795 1661 933 1728 nonme
946 1663 975 1719 ο·
991 1663 1029 1734 Q3
1049 1658 1178 1726 πιάσας
1193 1660 1293 1733 euQ3

167 1754 381 1831 ἀποκλεισμοῖσι
394 1757 435 1828 Μ,
457 1756 557 1813 ἄποκλ.
572 1759 720 1830 NPQW3
749 1792 779 1799 —
808 1757 848 1817 47
870 1777 968 1826 ιστατο
988 1757 1035 1827 Μ;
1062 1756 1232 1831 πολινορσος
1245 1755 1292 1826 Μ;

167 1847 289 1924 εφέζετο
302 1850 344 1922 Μ,
358 1846 482 1926 ἐφέσετο
494 1851 534 1921 R;
549 1871 630 1926 γαιης
640 1853 681 1923 Μ,
696 1849 776 1928 γαίης
786 1851 824 1921 L;
839 1886 870 1892 —
887 1849 928 1909 48
943 1847 1002 1906 οὐδ’
1013 1849 1141 1913 ακόλπος
1150 1846 1241 1924 αραξε
1250 1848 1292 1919 Μ,

166 1939 237 1999 οὐδέ
265 1963 297 1999 τε
328 1943 432 2000 κόλπον
463 1939 547 2021 ἔραξε
577 1945 639 2001 rell.
666 1944 748 2003 eudd.
776 1951 805 2002 et
837 1944 901 2001 edd.
934 1951 1001 2001 aute
1033 1942 1212 2014 Bekkerum,
1244 1942 1293 2013 qui

166 2039 275 2109 primus
296 2037 438 2111 Lennepii
466 2038 660 2095 coniecturam
687 2034 774 2112 εὐρέα
800 2035 903 2093 κόλπον
930 2037 1042 2108 recepit
1067 2042 1096 2093 et
1121 2036 1240 2107 insuper
1259 2034 1292 2091 M

167 2131 233 2188 libri
260 2132 431 2203 scripturam
458 2128 549 2206 ἄραξε
574 2132 702 2188 retinuit.
749 2131 907 2189 Praeterea
932 2147 1102 2206 εφροσσατο
1122 2118 1231 2205 πετρην
1244 2127 1291 2200 Μ;

167 2220 318 2299 ἐφράσατο
339 2224 444 2295 PSW,
470 2221 503 2280 οὐ
522 2224 677 2300 φράσσατο
702 2224 733 2283 C.
773 2225 831 2282 Sed
856 2225 912 2282 iam
938 2224 1087 2282 audiamus
1113 2223 1229 2283 criticos
1254 2220 1291 2279 de

166 2334 209 2373 vv.
229 2318 351 2376 4748
372 2318 572 2377 vexatissimis.
618 2318 769 2376 Brodaeus
794 2320 881 2396 χεῖρα
906 2317 939 2376 δὲ
966 2316 1046 2394 γαίης
1070 2313 1145 2374 θύὂέ
1168 2334 1201 2371 τε
1225 2314 1291 2371 κόλ-

165 2429 216 2465 πον
237 2404 323 2485 ἔρυξε
346 2411 481 2484 coniecit,
505 2412 647 2484 probante
671 2412 808 2471 Neandro
834 2413 876 2481 (in
900 2412 980 2469 euius
1007 2410 1141 2468 editionis
1161 2410 1290 2482 margine

166 2510 262 2561 tamen
287 2502 392 2562 κόλπον
413 2491 641 2576 commendatur)
663 2512 692 2563 et
705 2505 808 2564 Ubelo.
839 2505 957 2563 Vossius
978 2504 1006 2560 in
1028 2503 1163 2562 Observv.
1184 2503 1222 2560 ad
1237 2501 1291 2560 Ga-

166 2598 282 2669 tullum,
312 2598 439 2669 Epitlial.
464 2599 526 2656 Pel.
548 2604 578 2656 et
597 2599 680 2656 Thet.
702 2616 727 2653 v.
747 2605 812 2669 258,
832 2615 860 2670 p.
876 2604 930 2655 223
951 2598 1036 2653 mire:
1065 2593 1141 2672 χειρὶ
1166 2593 1200 2651 δὲ
1226 2594 1291 2671 λαιῇ

160 2685 243 2746 Ὅνδε
264 2709 297 2746 τε
317 2689 436 2746 κόλλοπ’
457 2686 543 2767 ἔρυξε
563 2688 612 2746 καὶ
631 2686 664 2767 ἣν
685 2687 874 2766 ἐφυράσσατο
894 2685 1009 2765 πέτρην,
1036 2689 1081 2745 vel
1101 2685 1149 2743 καλ
1169 2683 1200 2742 ὃν
1220 2682 1290 2761 ἐφα-

163 2781 298 2856 ράσσατο
325 2781 435 2859 πέτρον.
475 2784 645 2843 Dorvillius:
673 2781 751 2862 χειρὶ
777 2781 811 2840 δὲ
837 2782 918 2859 γαίης
948 2775 1041 2844 ottae
1070 2777 1172 2835 πολλὸν
1203 2776 1289 2855 όροξε

168 2874 217 2930 καὶ
237 2871 290 2932 οὐκ
314 2872 486 2953 ἐφράσσατο
506 2875 609 2953 πέτρην
629 2878 735 2935 collato
748 2877 875 2935 Homero
895 2875 969 2932 lix
991 2881 1045 2932 563
1068 2871 1169 2946 (πολλὰ
1189 2870 1222 2929 δὲ
1242 2871 1290 2928 καλ

167 2972 246 3044 γαῖαν
260 2968 446 3046 πολυφόρβην
458 2969 663 3047 γερολν·.ἄλοιὀι
678 2966 868 3046 Κικλησκοοσ’
886 2963 967 3045 Ἀΐδην
988 2967 1036 3024 καὶ
1057 2963 1169 3044 ἐπαινὴν
1184 2964 1290 3041 Περσε-

166 3060 283 3138 φόνειαν
306 3071 335 3120 et
357 3063 452 3134 Quint.
474 3064 531 3122 Sm.
550 3064 593 3121 XI
614 3070 662 3133 23)
686 3065 732 3121 rel
752 3059 844 3139 ἄραξε
864 3081 916 3136 pro
937 3059 1023 3139 όροξε
1048 3062 1153 3121 collato
1174 3060 1289 3133 Orpheo

166 3157 236 3228 Arg.
253 3163 308 3214 439
332 3152 433 3226 (οὖδας
446 3153 474 3211 ‹i'
492 3151 595 3232 ἧραξεν
616 3154 738 3234 όπλῇσι).
771 3158 936 3229 Lennepius
954 3154 1033 3232 χειρὶ
1051 3152 1085 3211 δὲ
1104 3154 1185 3231 γαίης
1203 3151 1290 3229 εὐρέα

126 3270 128 3273 ·
166 3245 271 3303 κόλπον
292 3244 383 3323 ἄραξε
406 3249 629 3321 commendavit,
656 3250 732 3320 quod
759 3251 844 3307 etiam
865 3250 956 3306 lulien
982 3249 1106 3320 recepit,
1133 3249 1181 3318 qui
1206 3262 1289 3318 prae-

168 3348 249 3397 terea
269 3347 350 3398 recte
379 3342 552 3413 improbavit
576 3349 706 3400 veterum
731 3343 921 3415 interpretum
946 3341 1131 3408 sententiam,
1158 3339 1288 3411 lapillum

167 3432 298 3491 flammae
328 3434 530 3492 ascendendae
555 3452 643 3493 eausa
668 3436 697 3492 in
718 3443 815 3493 terrae
837 3434 992 3492 visceribus
1012 3432 1121 3491 frustra
1141 3432 1176 3490 ab
1199 3431 1288 3489 Eride

166 3527 327 3597 quaesitum
346 3545 409 3586 esse
424 3529 479 3586 sibi
493 3530 737 3602 persuadentium.
767 3530 839 3586 Tum
854 3526 985 3587 Graefius
999 3545 1027 3599 p.
1043 3534 1107 3585 244.
1131 3525 1289 3597 »Lennepii

166 3622 362 3679 coniecturam
375 3622 468 3679 edidit
477 3622 638 3690 Bekkerus,
652 3623 763 3679 nonita
777 3628 894 3679 certam.
924 3622 950 3679 E
962 3621 1024 3681 eod.
1036 3620 1076 3677 M.
1088 3615 1152 3676 οὐδ’
1163 3617 1289 3682 ἄκόλπσς

166 3711 212 3788 ἄρ.
228 3715 355 3787 exsculpi
370 3722 470 3788 posset
483 3715 586 3773 iisdem
605 3731 698 3788 paene
719 3715 810 3772 literis
831 3709 921 3778 οὖδας
940 3711 1063 3777 ἄνοπλος
1082 3710 1174 3789 ἄραξε
1188 3734 1214 3768 κ.
1230 3713 1254 3769 si
1267 3710 1287 3769 f.

165 3806 243 3865 facili
259 3825 361 3867 errore
376 3811 514 3881 seriptum
530 3809 667 3879 ἀνόλπος;
688 3808 740 3865 sed
754 3809 864 3865 numeri
875 3808 916 3864 sie
926 3813 1159 3879 corrumpuntur:
1178 3835 1196 3859 ο
1212 3853 1230 3863 -
1246 3807 1285 3875 el

164 3931 182 3952 υ
199 3949 217 3958 -
236 3931 254 3954 υ
275 3908 280 3973 l
304 3919 397 3973 neque
417 3904 511 3960 simile
537 3901 605 3973 quid
633 3901 703 3958 alibi
723 3900 879 3973 Tryphiod.
906 3907 957 3957 aut
978 3899 1116 3958 Ooluthus
1141 3899 1288 3958 commise-

164 3999 240 4050 runt.
280 3993 398 4066 Itaque,
424 3995 544 4065 reliquis
572 3994 661 4053 codd.
682 3994 869 4066 comparatis,
895 3993 1056 4064 proximum
1081 3992 1180 4050 luerit:
1211 3983 1293 4044 οὔδεϊ
