3108 4662
716 337 949 399 -112-

271 539 357 597 posse
382 525 493 596 copula.
534 529 689 596 praeterea
721 525 776 583 etsi
797 520 900 602 ῥόδον,
926 524 963 582 de
992 540 1048 594 quo
1072 521 1208 581 mulieres
1233 526 1409 584 nominatim·

273 636 330 678 non
350 623 433 676 erant
445 619 568 686 locutae,
591 635 627 676 ex
646 615 779 694 ὡραίου
800 617 938 691 λειμῶνος
952 617 1095 676 mentione
1113 624 1261 690 arreptum
1275 619 1311 675 ab
1325 619 1403 676 Her·

273 714 368 771 mione
389 711 445 769 dici
465 713 572 785 possit,
593 728 648 770 nou
669 712 785 769 videtur
804 719 899 769 tamen
920 712 962 769 ita
982 712 1092 769 servari
1111 728 1197 783 posse
1219 712 1399 783 vocabulum,

274 810 307 863 nt
326 805 487 863 simul-ista
506 803 598 877 figura
623 812 674 863 aut
693 806 800 862 vitetur
827 806 878 863 aut
902 806 1005 876 copula
1030 806 1166 864 restituta
1192 807 1222 863 in
1247 822 1345 864 veram
1371 811 1401 863 et

273 899 470 970 incorruptam
499 895 619 956 formam
649 898 760 956 redeat.
800 899 898 969 itaque
923 898 1109 956 amandemus
1136 899 1304 958 vocabulum
1331 900 1401 956 scri·

274 991 431 1064 hamusque
445 985 617 1067 εὔδροσον
631 987 665 1055 ἐς
679 990 800 1066 λειμῶνα
811 989 874 1061 (cfr.
890 991 1035 1062 Aristoph.
1051 992 1104 1047 Ar.
1118 998 1172 1050 245
1191 989 1246 1048 ὅσα
1260 989 1287 1047 τ’
1301 989 1401 1067 abripui·

274 1102 345 1148 σονς
365 1085 416 1160 γῆς
436 1081 541 1147 τόπους
561 1078 648 1162 ἔχετε
670 1082 792 1160 λειμῶνά
813 1103 859 1156 τε,
880 1085 1024 1143 Theocrit.
1047 1092 1092 1156 25,
1120 1091 1154 1144 16
1177 1083 1313 1159 λειμῶνες
1334 1083 1401 1140 ὑπό-

275 1175 389 1252 δροσοι)
405 1177 481 1248 quod
495 1178 642 1249 aliquanto
661 1178 822 1235 accuratius
838 1179 996 1250 respondet
1011 1179 1162 1236 mulierum
1179 1176 1311 1250 orationi,
1326 1195 1401 1251 quae

275 1258 412 1346 λειμῶνος
446 1268 567 1345 δροσόεν
598 1268 692 1327 πεδίον
724 1279 961 1329 memoraverunt.
1009 1288 1042 1330 ac
1074 1272 1157 1331 video
1188 1289 1263 1329 nuno
1292 1272 1406 1331 eisdem

274 1379 385 1422 mecum
412 1380 461 1421 ves
463 1364 542 1443 tigiis
563 1364 702 1421 institisse
724 1362 877 1435 Graefium,
903 1365 951 1434 qui
974 1360 1009 1428 ἐς
1030 1363 1135 1440 δρόσον
1161 1367 1292 1424 coniecit
1324 1368 1404 1437 quod

276 1473 327 1515 cur
347 1455 417 1515 ferri
437 1462 563 1529 nequeat
583 1464 628 1514 sat
629 1459 653 1514 is
617 1457 735 1514 tdict
723 1462 783 1513 tum
804 1463 874 1514 est«
861 1455 1003 1531 «δόμον
1023 1474 1075 1530 pro
1093 1456 1182 1534 ῥόδον
1203 1461 1275 1518 coni
1309 1459 1402 1518 Tour-

274 1550 337 1607 nier
362 1567 390 1621 p
412 1555 463 1621 43,
496 1549 547 1607 sed
573 1550 721 1621 vulgatam
749 1553 828 1607 recte
800 1546 983 1606 tdefendit
1006 1548 1151 1607 Tiedke
1142 1568 1171 1607 nr
1197 1551 1306 1610 Herma
1329 1553 1406 1613 XIII

274 1660 302 1714 p.
326 1649 391 1710 354,
413 1642 461 1699 ubi
482 1647 634 1714 postquam
654 1644 744 1699 multa
771 1643 871 1700 similis
898 1643 1063 1716 anaphorae
1087 1646 1218 1718 exempla
1243 1662 1278 1703 ex
1297 1648 1410 1707 Nonne

277 1735 442 1807 collegerat,
462 1735 535 1793 haec
555 1735 592 1793 de
612 1741 709 1793 nostro
731 1736 807 1793 loco:
830 1737 941 1794 »Erunt
961 1734 1084 1795 fortasse
1103 1741 1153 1810 qui
1167 1756 1251 1796 versu
1266 1747 1322 1798 348
1336 1737 1399 1796 οἶδε

277 1825 434 1891 κελεύθους
453 1824 496 1891 Ἐς
517 1824 620 1903 ῥόδον,
647 1823 683 1891 ἐς
709 1827 831 1902 λειμῶνα
853 1828 1015 1888 Oolluthurn
1042 1833 1122 1890 illum
1143 1833 1257 1891 dicendi
1282 1834 1405 1892 modurn

276 1923 318 1980 ita
339 1922 482 1979 imitatum
502 1939 566 1980 esse
587 1924 751 1981 existiment
771 1923 907 1994 (vDion.
928 1925 1023 1984 V262
1045 1925 1088 1990 εἷς
1108 1921 1182 1997 ἕλος,
1204 1926 1408 2000 sigismerem.

275 2014 359 2073 Ι112
380 2011 435 2093 οὐχ
450 2011 526 2087 ἕλος,
547 2036 580 2072 oo
568 2013 740 2092 ’λειμῶνες
760 2017 801 2074 IV
816 2025 870 2076 299
891 2018 924 2074 οὐ
945 2017 1038 2093 νομόν,
1059 2016 1092 2075 οὐ
1114 2018 1302 2094 λειμωνα)03
1270 2037 1401 2079 u·eum

277 2109 341 2168 dem
356 2110 489 2167 Nonuum
510 2118 592 2169 secut
593 2128 625 2168 us
580 2112 731 2169 tsimul
744 2128 876 2169 rosarum
893 2118 972 2169 ment
973 2112 1066 2170 ionem
1086 2110 1197 2171 faceret
1185 2119 1255 2182 t.(r
1269 2114 1355 2173 Dion.
1371 2116 1403 2173 II

278 2207 313 2264 79
331 2201 449 2282 ῥοδοεις
469 2199 497 2259 δ’
522 2201 685 2280 ἀμαθύνετο
706 2202 818 2278 λειμών,
838 2205 962 2264 XLVIII
977 2212 1032 2263 514
1054 2204 1248 2271 ἀνθεμόεντος
1267 2202 1329 2263 ἔσω
1346 2206 1401 2265 λει-

272 2299 379 2373 μῶνος,
400 2298 525 2357 XXXIV
541 2301 595 2358 107
616 2293 719 2355 οὔποτε
739 2300 814 2353 τοῖον
829 2293 930 2372 ἄγουσι
940 2295 1028 2376 ῥόδον
1044 2292 1308 2375 λειμωνίδεςὮραι,
1323 2301 1400 2358 Mus·

277 2410 303 2448 v.
325 2401 361 2452 60
378 2391 477 2469 ῥόδων
499 2393 642 2469 λειμῶνα).
681 2394 755 2451 Nam
781 2393 903 2450 ancillae
928 2392 1044 2464 quidem
1064 2409 1089 2449 v.
1111 2399 1167 2453 342
1193 2392 1327 2450 dixerant
1352 2393 1402 2450 καὶ

275 2482 310 2550 ἐς
330 2485 454 2562 λειμῶνα
464 2486 595 2562 μολοῦσα
609 2483 723 2562 Ὡράων
743 2483 961 2561 δροσόεντος
983 2482 1054 2560 ὑπὲρ
1069 2483 1177 2540 πεδίοιο
1191 2483 1326 2558 θαάσσει,
1347 2487 1399 2544 sed

276 2580 342 2637 ideo
362 2580 538 2638 Hermionae
558 2596 672 2651 quoque
697 2580 840 2638 roscidum
866 2584 981 2650 pratum
1002 2577 1207 2651 appellandum
1233 2578 1322 2637 fuisse
1343 2597 1400 2638 non

278 2671 339 2731 fere
361 2674 511 2746 quisquam
531 2672 675 2745 probabit.
705 2673 769 2731 Hoc
790 2668 900 2729 certum
920 2665 1043 2739 videtur,
1064 2673 1088 2730 si
1107 2671 1137 2728 id
1152 2673 1290 2731 voluisset
1305 2673 1400 2732 Collu-

278 2767 354 2838 thus,
375 2784 439 2825 eum
453 2784 510 2826 non
524 2762 662 2844 εὔδροσον
680 2767 811 2842 λειμῶνα,
832 2767 908 2837 quod
927 2764 1035 2824 frustra
1048 2766 1251 2839 Aristophanis
1270 2770 1407 2842 exemplo

278 2858 457 2933 defenditur,
484 2863 657 2934 scripturum
682 2859 787 2928 fuisse,
814 2861 865 2918 sed
892 2859 933 2925 εἰς
958 2858 1099 2938 δροσερὸν
1125 2860 1248 2937 λειμῶνα
1269 2863 1345 2934 quod
1367 2878 1402 2921 ex

277 2953 379 3011 Nonne
398 2955 473 3013 hene
493 2962 590 3013 norat:
612 2954 666 3011 VH
686 2961 741 3013 346
763 2952 811 3009 καὶ
833 2952 975 3030 δροσεροῦ
996 2953 1142 3028 λειμῶνος,
1161 2954 1245 3012 XLII
1265 2953 1313 3011 καλ
1332 2953 1399 3029 δρο-

279 3043 364 3122 σερὸν
385 3045 522 3120 λειμῶνα,
547 3048 575 3104 Κ
597 3054 631 3105 16
652 3044 695 3110 εἷς
719 3043 878 3123 δροσεροὺς
903 3045 1070 3121 λετμῶναςα
1098 3080 1132 3089 -
1159 3047 1261 3121 λειρων
1288 3044 1336 3103 ἄτι
1355 3047 1402 3119 Μ;

278 3157 326 3200 noc
345 3135 515 3214 φθεγγεσθε
534 3140 581 3212 Μ,
607 3140 682 3198 unde
700 3159 750 3211 μοι
768 3137 939 3216 φθέγγεσθε
959 3140 1024 3198 edd
1051 3140 1119 3198 inde
1145 3140 1326 3200 aBelrkero.
1363 3159 1413 3215 ρε-

280 3230 452 3309 φθέγξασθε
472 3234 534 3290 rell.
557 3233 621 3290 edd.
644 3240 673 3291 et
693 3233 775 3293 codd.
791 3234 862 3294 dett.
829 3233 1043 3306 ttpraeterO,
1064 3234 1112 3305 qui
1127 3232 1203 3308 τίμε
1196 3231 1415 3310 ’φθέγξασθαι-

278 3360 383 3418 habet·
355 3360 644 3434 0,γνναῖκεςο.-
670 3360 741 3419 Post
761 3359 836 3418 hunc
859 3376 973 3418 versum
996 3362 1122 3434 quinque
1139 3362 1285 3418 minimum
1304 3377 1404 3419 versus

281 3453 463 3512 intercidisse
486 3459 566 3512 recte
591 3453 664 3511 vidit
688 3452 848 3512 Schneider
872 3471 900 3526 p.
922 3456 987 3513 407.
1012 3461 1084 3513 408:
1116 3456 1226 3514 »omnis
1253 3455 1328 3513 enim
1352 3454 1406 3511 ille

280 3562 383 3618 sermo,
405 3547 452 3619 qui
473 3553 521 3605 est
539 3564 558 3605 a
577 3564 664 3606 versu
684 3555 740 3607 330
760 3547 798 3605 ad
818 3565 844 3604 v.
866 3554 931 3621 362,
954 3565 1010 3608 non
1030 3554 1129 3622 potest
1149 3548 1250 3608 eodem
1269 3554 1402 3620 tempore

279 3638 395 3697 habitus
416 3656 488 3698 esse.
528 3657 594 3699 nam
616 3658 679 3699 eam
701 3642 762 3700 eius
783 3647 910 3714 partem,
936 3658 1011 3713 quae
1032 3649 1115 3701 esta
1140 3660 1214 3702 vers.
1236 3650 1292 3702 330
1312 3656 1405 3712 usque

280 3732 318 3790 ad
339 3749 364 3790 v.
381 3741 436 3793 348
457 3742 581 3808 apparet
599 3736 729 3795 habitam
751 3752 816 3795 esse
836 3752 950 3809 mane,
971 3753 1057 3808 quum
1075 3737 1231 3795 Hermione
1253 3732 1407 3810 ἱσταμένης

250 3826 255 3833 ’
280 3822 436 3903 ἠριγενείης
456 3831 493 3898 (ν.
509 3830 577 3900 337)
598 3845 696 3888 somno
717 3830 814 3888 soluta
834 3835 956 3887 matrem
976 3829 1158 3888 desideraret
1174 3834 1205 3888 et
1218 3844 1320 3887 servae
1336 3843 1405 3899 que·

280 3923 392 3977 rentem
414 3920 557 3980 dominam
581 3928 755 3980 conarentur
777 3922 928 3981 consolari.
970 3926 1001 3980 at
1021 3938 1096 3994 quae
1121 3926 1189 3995 post
1208 3939 1234 3979 v.
1256 3928 1312 3980 348
1333 3921 1419 3978 dicit.

279 4012 448 4087 Hermione,
468 4016 497 4072 in
518 4030 670 4087 vesperum
691 4019 830 4087 vergente
850 4014 897 4072 die
919 4031 982 4073 eam
1001 4016 1081 4088 loqui
1100 4013 1283 4074 manifestum
1305 4018 1351 4071 est
1370 4029 1417 4071 ex.
