<?xml version="1.0" encoding="UTF-8"?>
<!DOCTYPE html PUBLIC "-//W3C//DTD XHTML 1.0 Transitional//EN"
    "http://www.w3.org/TR/xhtml1/DTD/xhtml1-transitional.dtd">
<html xmlns="http://www.w3.org/1999/xhtml" xml:lang="en" lang="en">
 <head>
  <title>
</title>
<meta http-equiv="Content-Type" content="text/html;charset=utf-8" />
  <meta name='ocr-system' content='tesseract 3.04.00' />
  <meta name='ocr-capabilities' content='ocr_page ocr_carea ocr_par ocr_line ocrx_word'/>
</head>
<body>
  <div class='ocr_page' id='page_1' title='image "./colluthilycopol00abelgoog_0065.png"; bbox 0 0 3122 4656; ppageno 0'>
   <div class='ocr_carea' id='block_1_1' title="bbox 723 305 936 368">
    <p class='ocr_par' dir='ltr' id='par_1_1' title="bbox 723 305 936 368">
     <span class='ocr_line' id='line_1_1' title="bbox 723 305 936 368; baseline 0.009 -18"><span class='ocrx_word' id='word_1_1' title='bbox 723 305 936 368; x_wconf 66' lang='lat'>..60-</span> 
     </span>
    </p>
   </div>
   <div class='ocr_carea' id='block_1_2' title="bbox 267 485 1390 827">
    <p class='ocr_par' dir='ltr' id='par_1_2' title="bbox 267 485 1390 827">
     <span class='ocr_line' id='line_1_2' title="bbox 269 485 1390 561; baseline 0.009 -19"><span class='ocrx_word' id='word_1_2' title='bbox 269 485 440 561; x_wconf 75' lang='grc' dir='ltr'><em>ιπαθμοῖοιν</em></span> <span class='ocrx_word' id='word_1_3' title='bbox 461 485 605 559; x_wconf 78' lang='grc' dir='ltr'><strong><em>ἀείδων,</em></strong></span> <span class='ocrx_word' id='word_1_4' title='bbox 632 488 678 546; x_wconf 92' lang='lat' dir='ltr'>cui</span> <span class='ocrx_word' id='word_1_5' title='bbox 703 488 779 560; x_wconf 91' lang='lat' dir='ltr'>quod</span> <span class='ocrx_word' id='word_1_6' title='bbox 805 489 940 549; x_wconf 89' lang='lat' dir='ltr'>substitui</span> <span class='ocrx_word' id='word_1_7' title='bbox 960 487 984 547; x_wconf 83' lang='grc' dir='ltr'>ἐ.</span> <span class='ocrx_word' id='word_1_8' title='bbox 1005 509 1049 548; x_wconf 79' lang='grc' dir='ltr'>σι.</span> <span class='ocrx_word' id='word_1_9' title='bbox 1071 487 1178 549; x_wconf 76' lang='grc' dir='ltr'><em>ἰαύων</em></span> <span class='ocrx_word' id='word_1_10' title='bbox 1203 492 1323 552; x_wconf 86' lang='lat' dir='ltr'>eandem</span> <span class='ocrx_word' id='word_1_11' title='bbox 1342 493 1390 553; x_wconf 90' lang='lat' dir='ltr'>hic</span> 
     </span>
     <span class='ocr_line' id='line_1_3' title="bbox 269 576 1389 656; baseline 0.008 -20"><span class='ocrx_word' id='word_1_12' title='bbox 269 576 511 651; x_wconf 88' lang='lat' dir='ltr'>significationem</span> <span class='ocrx_word' id='word_1_13' title='bbox 530 579 648 638; x_wconf 81' lang='lat' dir='ltr'>verbnm</span> <span class='ocrx_word' id='word_1_14' title='bbox 668 579 758 639; x_wconf 88' lang='lat' dir='ltr'>habet</span> <span class='ocrx_word' id='word_1_15' title='bbox 777 597 862 652; x_wconf 83' lang='lat' dir='ltr'>qnam</span> <span class='ocrx_word' id='word_1_16' title='bbox 882 599 907 640; x_wconf 87' lang='lat' dir='ltr'>v.</span> <span class='ocrx_word' id='word_1_17' title='bbox 923 589 987 641; x_wconf 82' lang='lat'><strong>349.</strong></span> <span class='ocrx_word' id='word_1_18' title='bbox 1008 614 1045 626; x_wconf 92' lang='lat'>-</span> <span class='ocrx_word' id='word_1_19' title='bbox 1071 584 1124 642; x_wconf 89' lang='lat' dir='ltr'>His</span> <span class='ocrx_word' id='word_1_20' title='bbox 1144 585 1293 656; x_wconf 90' lang='lat' dir='ltr'>aptissime</span> <span class='ocrx_word' id='word_1_21' title='bbox 1313 585 1389 644; x_wconf 92' lang='lat' dir='ltr'>subi·</span> 
     </span>
     <span class='ocr_line' id='line_1_4' title="bbox 269 662 1388 749; baseline 0.007 -21"><span class='ocrx_word' id='word_1_22' title='bbox 269 671 356 743; x_wconf 88' lang='lat' dir='ltr'>citur,</span> <span class='ocrx_word' id='word_1_23' title='bbox 383 676 443 730; x_wconf 89' lang='lat' dir='ltr'>tum</span> <span class='ocrx_word' id='word_1_24' title='bbox 473 662 713 745; x_wconf 82' lang='lat' dir='ltr'>quidem,&#39;quum</span> <span class='ocrx_word' id='word_1_25' title='bbox 738 674 859 732; x_wconf 91' lang='lat' dir='ltr'>Hermes</span> <span class='ocrx_word' id='word_1_26' title='bbox 885 675 1009 747; x_wconf 85' lang='lat' dir='ltr'>veniret,</span> <span class='ocrx_word' id='word_1_27' title='bbox 1024 677 1063 733; x_wconf 86' lang='lat' dir='ltr'>·in</span> <span class='ocrx_word' id='word_1_28' title='bbox 1088 678 1202 749; x_wconf 77' lang='lat' dir='ltr'><strong>pascuis</strong></span> <span class='ocrx_word' id='word_1_29' title='bbox 1227 685 1388 738; x_wconf 88' lang='lat' dir='ltr'>versantem</span> 
     </span>
     <span class='ocr_line' id='line_1_5' title="bbox 267 756 1161 827; baseline 0.008 -7"><span class='ocrx_word' id='word_1_30' title='bbox 267 762 364 820; x_wconf 87' lang='lat' dir='ltr'><strong>Parim</strong></span> <span class='ocrx_word' id='word_1_31' title='bbox 385 764 556 824; x_wconf 91' lang='lat' dir='ltr'>cantilenam</span> <span class='ocrx_word' id='word_1_32' title='bbox 581 765 757 824; x_wconf 86' lang='lat' dir='ltr'>modulatum</span> <span class='ocrx_word' id='word_1_33' title='bbox 778 781 841 825; x_wconf 91' lang='lat' dir='ltr'>esse</span> <span class='ocrx_word' id='word_1_34' title='bbox 860 766 933 824; x_wconf 89' lang='lat' dir='ltr'>Pani</span> <span class='ocrx_word' id='word_1_35' title='bbox 954 773 984 825; x_wconf 94' lang='lat' dir='ltr'>et</span> <span class='ocrx_word' id='word_1_36' title='bbox 1003 756 1161 827; x_wconf 80' lang='lat' dir='ltr'>Mercurio:</span> 
     </span>
    </p>
   </div>
   <div class='ocr_carea' id='block_1_3' title="bbox 417 894 1249 1074">
    <p class='ocr_par' dir='ltr' id='par_1_3' title="bbox 417 894 1249 1074">
     <span class='ocr_line' id='line_1_6' title="bbox 417 894 1249 980; baseline 0.005 -23"><span class='ocrx_word' id='word_1_37' title='bbox 417 894 505 958; x_wconf 80' lang='grc' dir='ltr'><em>ἔνθα</em></span> <span class='ocrx_word' id='word_1_38' title='bbox 524 898 552 957; x_wconf 84' lang='grc' dir='ltr'>δ’</span> <span class='ocrx_word' id='word_1_39' title='bbox 577 896 654 980; x_wconf 77' lang='grc' dir='ltr'><em>ἔχων</em></span> <span class='ocrx_word' id='word_1_40' title='bbox 676 898 794 978; x_wconf 67' lang='grc' dir='ltr'><em>σύριγγα</em></span> <span class='ocrx_word' id='word_1_41' title='bbox 814 905 883 958; x_wconf 84' lang='grc' dir='ltr'><em>κατ’</em></span> <span class='ocrx_word' id='word_1_42' title='bbox 904 896 978 980; x_wconf 68' lang='grc' dir='ltr'><em>ἤθεα</em></span> <span class='ocrx_word' id='word_1_43' title='bbox 998 901 1074 959; x_wconf 79' lang='grc' dir='ltr'><em>καλὰ</em></span> <span class='ocrx_word' id='word_1_44' title='bbox 1093 901 1249 979; x_wconf 83' lang='grc' dir='ltr'><em>νομεύων</em></span> 
     </span>
     <span class='ocr_line' id='line_1_7' title="bbox 419 991 1140 1074; baseline 0.004 -23"><span class='ocrx_word' id='word_1_45' title='bbox 419 991 488 1052; x_wconf 85' lang='grc' dir='ltr'><em>Πανὶ</em></span> <span class='ocrx_word' id='word_1_46' title='bbox 509 993 556 1051; x_wconf 75' lang='grc' dir='ltr'>καὶ</span> <span class='ocrx_word' id='word_1_47' title='bbox 571 993 712 1072; x_wconf 77' lang='grc' dir='ltr'><em>Ἑρμάωνι</em></span> <span class='ocrx_word' id='word_1_48' title='bbox 731 995 813 1072; x_wconf 70' lang='grc' dir='ltr'><em>φίλην</em></span> <span class='ocrx_word' id='word_1_49' title='bbox 833 994 1007 1072; x_wconf 79' lang='grc' dir='ltr'><em>ἀνεβάλλετο</em></span> <span class='ocrx_word' id='word_1_50' title='bbox 1023 995 1140 1074; x_wconf 65' lang='grc' dir='ltr'><em>μολπήν.</em></span> 
     </span>
    </p>
   </div>
   <div class='ocr_carea' id='block_1_4' title="bbox 261 1115 1388 3250">
    <p class='ocr_par' dir='ltr' id='par_1_4' title="bbox 261 1115 1388 3250">
     <span class='ocr_line' id='line_1_8' title="bbox 267 1115 1387 1197; baseline 0.006 -20"><span class='ocrx_word' id='word_1_51' title='bbox 267 1118 317 1178; x_wconf 93' lang='lat' dir='ltr'>ubi</span> <span class='ocrx_word' id='word_1_52' title='bbox 336 1115 408 1177; x_wconf 74' lang='grc' dir='ltr'><em>ἔνθα</em></span> <span class='ocrx_word' id='word_1_53' title='bbox 428 1120 464 1178; x_wconf 84' lang='grc' dir='ltr'>δέ</span> <span class='ocrx_word' id='word_1_54' title='bbox 481 1123 590 1196; x_wconf 90' lang='lat' dir='ltr'>sumpsi</span> <span class='ocrx_word' id='word_1_55' title='bbox 609 1122 788 1195; x_wconf 89' lang='lat' dir='ltr'>aLennepio</span> <span class='ocrx_word' id='word_1_56' title='bbox 809 1128 839 1181; x_wconf 90' lang='lat' dir='ltr'>et</span> <span class='ocrx_word' id='word_1_57' title='bbox 860 1123 1020 1196; x_wconf 88' lang='lat' dir='ltr'>temporale</span> <span class='ocrx_word' id='word_1_58' title='bbox 1035 1139 1100 1183; x_wconf 89' lang='lat' dir='ltr'>esse</span> <span class='ocrx_word' id='word_1_59' title='bbox 1113 1130 1192 1197; x_wconf 87' lang='lat' dir='ltr'>puto.</span> <span class='ocrx_word' id='word_1_60' title='bbox 1223 1124 1299 1196; x_wconf 93' lang='lat' dir='ltr'>quod</span> <span class='ocrx_word' id='word_1_61' title='bbox 1313 1125 1387 1184; x_wconf 90' lang='lat' dir='ltr'>enim</span> 
     </span>
     <span class='ocr_line' id='line_1_9' title="bbox 266 1210 1387 1277; baseline 0.006 -7"><span class='ocrx_word' id='word_1_62' title='bbox 266 1212 447 1273; x_wconf 89' lang='lat' dir='ltr'>Hermannus</span> <span class='ocrx_word' id='word_1_63' title='bbox 474 1210 576 1271; x_wconf 77' lang='grc' dir='ltr'><em>ἐνθάδ’</em></span> <span class='ocrx_word' id='word_1_64' title='bbox 609 1216 736 1274; x_wconf 83' lang='lat' dir='ltr'>correxit</span> <span class='ocrx_word' id='word_1_65' title='bbox 760 1222 790 1274; x_wconf 89' lang='lat' dir='ltr'>et</span> <span class='ocrx_word' id='word_1_66' title='bbox 815 1215 852 1273; x_wconf 90' lang='lat' dir='ltr'>ad</span> <span class='ocrx_word' id='word_1_67' title='bbox 877 1215 947 1273; x_wconf 88' lang='lat' dir='ltr'>ldae</span> <span class='ocrx_word' id='word_1_68' title='bbox 971 1217 1075 1274; x_wconf 91' lang='lat' dir='ltr'>montis</span> <span class='ocrx_word' id='word_1_69' title='bbox 1104 1216 1168 1276; x_wconf 90' lang='lat' dir='ltr'>loca</span> <span class='ocrx_word' id='word_1_70' title='bbox 1196 1218 1309 1276; x_wconf 88' lang='lat' dir='ltr'>rettulit</span> <span class='ocrx_word' id='word_1_71' title='bbox 1338 1218 1387 1277; x_wconf 91' lang='lat' dir='ltr'>ubi</span> 
     </span>
     <span class='ocr_line' id='line_1_10' title="bbox 266 1306 1388 1383; baseline 0.004 -20"><span class='ocrx_word' id='word_1_72' title='bbox 266 1306 349 1364; x_wconf 89' lang='lat' dir='ltr'>Paris</span> <span class='ocrx_word' id='word_1_73' title='bbox 363 1307 498 1379; x_wconf 79' lang='lat' dir='ltr'>degebat,</span> <span class='ocrx_word' id='word_1_74' title='bbox 518 1307 695 1366; x_wconf 90' lang='lat' dir='ltr'>monendum</span> <span class='ocrx_word' id='word_1_75' title='bbox 710 1308 766 1367; x_wconf 87' lang='lat' dir='ltr'>duo</span> <span class='ocrx_word' id='word_1_76' title='bbox 787 1306 876 1366; x_wconf 87' lang='lat' dir='ltr'>fuisse</span> <span class='ocrx_word' id='word_1_77' title='bbox 896 1309 969 1379; x_wconf 91' lang='lat' dir='ltr'>loca,</span> <span class='ocrx_word' id='word_1_78' title='bbox 990 1313 1020 1366; x_wconf 92' lang='lat' dir='ltr'>et</span> <span class='ocrx_word' id='word_1_79' title='bbox 1039 1325 1147 1381; x_wconf 88' lang='lat' dir='ltr'>pascua</span> <span class='ocrx_word' id='word_1_80' title='bbox 1168 1314 1197 1367; x_wconf 89' lang='lat' dir='ltr'>et</span> <span class='ocrx_word' id='word_1_81' title='bbox 1215 1309 1337 1383; x_wconf 88' lang='lat' dir='ltr'>stabula,</span> <span class='ocrx_word' id='word_1_82' title='bbox 1358 1311 1388 1368; x_wconf 87' lang='lat' dir='ltr'>in</span> 
     </span>
     <span class='ocr_line' id='line_1_11' title="bbox 266 1398 1388 1480; baseline 0.003 -24"><span class='ocrx_word' id='word_1_83' title='bbox 266 1399 320 1458; x_wconf 91' lang='lat' dir='ltr'>hoc</span> <span class='ocrx_word' id='word_1_84' title='bbox 340 1406 435 1458; x_wconf 90' lang='lat' dir='ltr'>antem</span> <span class='ocrx_word' id='word_1_85' title='bbox 457 1401 608 1458; x_wconf 87' lang='lat' dir='ltr'>verborum</span> <span class='ocrx_word' id='word_1_86' title='bbox 629 1408 767 1461; x_wconf 88' lang='lat' dir='ltr'>contextu</span> <span class='ocrx_word' id='word_1_87' title='bbox 787 1398 894 1459; x_wconf 76' lang='grc' dir='ltr'><em>ἐνθάδε</em></span> <span class='ocrx_word' id='word_1_88' title='bbox 914 1402 961 1459; x_wconf 87' lang='lat' dir='ltr'>vix</span> <span class='ocrx_word' id='word_1_89' title='bbox 981 1402 1037 1462; x_wconf 89' lang='lat' dir='ltr'>alio</span> <span class='ocrx_word' id='word_1_90' title='bbox 1062 1409 1148 1473; x_wconf 90' lang='lat' dir='ltr'>atque</span> <span class='ocrx_word' id='word_1_91' title='bbox 1174 1402 1211 1460; x_wconf 86' lang='lat' dir='ltr'>ad</span> <span class='ocrx_word' id='word_1_92' title='bbox 1238 1400 1388 1480; x_wconf 77' lang='grc' dir='ltr'><em>σταθμούς</em></span> 
     </span>
     <span class='ocr_line' id='line_1_12' title="bbox 265 1491 1387 1568; baseline 0.005 -19"><span class='ocrx_word' id='word_1_93' title='bbox 265 1508 291 1549; x_wconf 88' lang='lat' dir='ltr'>v.</span> <span class='ocrx_word' id='word_1_94' title='bbox 308 1500 362 1551; x_wconf 82' lang='lat'>112</span> <span class='ocrx_word' id='word_1_95' title='bbox 382 1491 485 1551; x_wconf 86' lang='lat' dir='ltr'>referri</span> <span class='ocrx_word' id='word_1_96' title='bbox 505 1510 603 1566; x_wconf 91' lang='lat' dir='ltr'>posse,</span> <span class='ocrx_word' id='word_1_97' title='bbox 632 1495 708 1566; x_wconf 90' lang='lat' dir='ltr'>quod</span> <span class='ocrx_word' id='word_1_98' title='bbox 732 1493 795 1552; x_wconf 87' lang='lat' dir='ltr'>fieri</span> <span class='ocrx_word' id='word_1_99' title='bbox 821 1501 977 1567; x_wconf 90' lang='lat' dir='ltr'>propterea</span> <span class='ocrx_word' id='word_1_100' title='bbox 1001 1496 1115 1566; x_wconf 89' lang='lat' dir='ltr'>nequit,</span> <span class='ocrx_word' id='word_1_101' title='bbox 1141 1496 1275 1566; x_wconf 87' lang='lat' dir='ltr'>quoniam</span> <span class='ocrx_word' id='word_1_102' title='bbox 1300 1514 1387 1568; x_wconf 90' lang='lat' dir='ltr'>quum</span> 
     </span>
     <span class='ocr_line' id='line_1_13' title="bbox 265 1585 1387 1660; baseline 0.004 -18"><span class='ocrx_word' id='word_1_103' title='bbox 265 1585 387 1644; x_wconf 91' lang='lat' dir='ltr'>Hermes</span> <span class='ocrx_word' id='word_1_104' title='bbox 408 1586 554 1659; x_wconf 89' lang='lat' dir='ltr'>veniebat,</span> <span class='ocrx_word' id='word_1_105' title='bbox 581 1604 637 1646; x_wconf 94' lang='lat' dir='ltr'>non</span> <span class='ocrx_word' id='word_1_106' title='bbox 657 1588 687 1645; x_wconf 93' lang='lat' dir='ltr'>in</span> <span class='ocrx_word' id='word_1_107' title='bbox 712 1587 848 1659; x_wconf 86' lang='lat' dir='ltr'>stabulis,</span> <span class='ocrx_word' id='word_1_108' title='bbox 875 1586 927 1644; x_wconf 91' lang='lat' dir='ltr'>sed</span> <span class='ocrx_word' id='word_1_109' title='bbox 954 1588 983 1644; x_wconf 91' lang='lat' dir='ltr'>in</span> <span class='ocrx_word' id='word_1_110' title='bbox 1007 1588 1123 1660; x_wconf 80' lang='lat' dir='ltr'>pascuis</span> <span class='ocrx_word' id='word_1_111' title='bbox 1142 1589 1225 1646; x_wconf 89' lang='lat' dir='ltr'>Paris</span> <span class='ocrx_word' id='word_1_112' title='bbox 1252 1596 1329 1660; x_wconf 89' lang='lat' dir='ltr'>erat,</span> <span class='ocrx_word' id='word_1_113' title='bbox 1354 1596 1387 1647; x_wconf 92' lang='lat' dir='ltr'>ut</span> 
     </span>
     <span class='ocr_line' id='line_1_14' title="bbox 265 1675 1386 1758; baseline 0.006 -23"><span class='ocrx_word' id='word_1_114' title='bbox 265 1683 382 1752; x_wconf 88' lang='lat' dir='ltr'>practer</span> <span class='ocrx_word' id='word_1_115' title='bbox 403 1696 427 1736; x_wconf 89' lang='lat' dir='ltr'>v.</span> <span class='ocrx_word' id='word_1_116' title='bbox 445 1687 498 1739; x_wconf 81' lang='lat'>102</span> <span class='ocrx_word' id='word_1_117' title='bbox 510 1696 551 1751; x_wconf 76' lang='lat' dir='ltr'>sq.</span> <span class='ocrx_word' id='word_1_118' title='bbox 572 1680 601 1737; x_wconf 92' lang='lat' dir='ltr'>in</span> <span class='ocrx_word' id='word_1_119' title='bbox 621 1680 675 1738; x_wconf 90' lang='lat' dir='ltr'>hoc</span> <span class='ocrx_word' id='word_1_120' title='bbox 696 1680 762 1752; x_wconf 90' lang='lat' dir='ltr'>ipso</span> <span class='ocrx_word' id='word_1_121' title='bbox 776 1695 861 1738; x_wconf 90' lang='lat' dir='ltr'>versu</span> <span class='ocrx_word' id='word_1_122' title='bbox 875 1680 1001 1752; x_wconf 90' lang='lat' dir='ltr'>positum</span> <span class='ocrx_word' id='word_1_123' title='bbox 1015 1680 1100 1738; x_wconf 86' lang='lat' dir='ltr'>docet</span> <span class='ocrx_word' id='word_1_124' title='bbox 1113 1697 1214 1740; x_wconf 90' lang='lat' dir='ltr'>nomen</span> <span class='ocrx_word' id='word_1_125' title='bbox 1228 1675 1303 1758; x_wconf 72' lang='grc' dir='ltr'><em>ἤθεα</em></span> <span class='ocrx_word' id='word_1_126' title='bbox 1323 1681 1386 1754; x_wconf 77' lang='lat' dir='ltr'>(cfr.</span> 
     </span>
     <span class='ocr_line' id='line_1_15' title="bbox 265 1771 1386 1850; baseline 0.003 -21"><span class='ocrx_word' id='word_1_127' title='bbox 265 1771 348 1830; x_wconf 88' lang='lat' dir='ltr'>Hom.</span> <span class='ocrx_word' id='word_1_128' title='bbox 368 1771 401 1829; x_wconf 91' lang='grc' dir='ltr'>ΙΙ.</span> <span class='ocrx_word' id='word_1_129' title='bbox 423 1780 454 1843; x_wconf 85' lang='grc'>6,</span> <span class='ocrx_word' id='word_1_130' title='bbox 477 1781 531 1831; x_wconf 82' lang='grc'>511</span> <span class='ocrx_word' id='word_1_131' title='bbox 554 1779 584 1830; x_wconf 91' lang='lat' dir='ltr'>et</span> <span class='ocrx_word' id='word_1_132' title='bbox 606 1780 657 1844; x_wconf 87' lang='lat'>15,</span> <span class='ocrx_word' id='word_1_133' title='bbox 684 1776 765 1842; x_wconf 82' lang='lat'>268),</span> <span class='ocrx_word' id='word_1_134' title='bbox 791 1773 860 1829; x_wconf 91' lang='lat' dir='ltr'>item</span> <span class='ocrx_word' id='word_1_135' title='bbox 880 1773 1065 1845; x_wconf 83' lang='lat' dir='ltr'>participium</span> <span class='ocrx_word' id='word_1_136' title='bbox 1089 1771 1224 1850; x_wconf 81' lang='grc' dir='ltr'><em>νομεύων.</em></span> <span class='ocrx_word' id='word_1_137' title='bbox 1249 1776 1292 1832; x_wconf 90' lang='lat' dir='ltr'>ita</span> <span class='ocrx_word' id='word_1_138' title='bbox 1312 1776 1386 1833; x_wconf 92' lang='lat' dir='ltr'>enim</span> 
     </span>
     <span class='ocr_line' id='line_1_16' title="bbox 266 1863 1385 1941; baseline 0.003 -19"><span class='ocrx_word' id='word_1_139' title='bbox 266 1871 367 1937; x_wconf 91' lang='lat' dir='ltr'>aperte</span> <span class='ocrx_word' id='word_1_140' title='bbox 396 1866 577 1924; x_wconf 87' lang='lat' dir='ltr'>scribendum</span> <span class='ocrx_word' id='word_1_141' title='bbox 605 1882 668 1925; x_wconf 86' lang='lat' dir='ltr'>esse</span> <span class='ocrx_word' id='word_1_142' title='bbox 694 1881 746 1939; x_wconf 92' lang='lat' dir='ltr'>pro</span> <span class='ocrx_word' id='word_1_143' title='bbox 772 1863 910 1941; x_wconf 73' lang='grc' dir='ltr'><em>νομῆωνι.</em></span> <span class='ocrx_word' id='word_1_144' title='bbox 952 1865 1033 1923; x_wconf 90' lang='lat' dir='ltr'>Haeo</span> <span class='ocrx_word' id='word_1_145' title='bbox 1058 1867 1169 1926; x_wconf 87' lang='lat' dir='ltr'>acutius</span> <span class='ocrx_word' id='word_1_146' title='bbox 1194 1868 1280 1926; x_wconf 90' lang='lat' dir='ltr'>credo</span> <span class='ocrx_word' id='word_1_147' title='bbox 1301 1884 1385 1939; x_wconf 89' lang='lat' dir='ltr'>quam</span> 
     </span>
     <span class='ocr_line' id='line_1_17' title="bbox 265 1955 1385 2031; baseline 0.001 -14"><span class='ocrx_word' id='word_1_148' title='bbox 265 1959 360 2017; x_wconf 89' lang='lat' dir='ltr'>verius</span> <span class='ocrx_word' id='word_1_149' title='bbox 381 1959 553 2031; x_wconf 79' lang='lat' dir='ltr'>Schneider,</span> <span class='ocrx_word' id='word_1_150' title='bbox 579 1975 614 2016; x_wconf 83' lang='lat' dir='ltr'>ex</span> <span class='ocrx_word' id='word_1_151' title='bbox 639 1959 718 2017; x_wconf 92' lang='lat' dir='ltr'>cuius</span> <span class='ocrx_word' id='word_1_152' title='bbox 746 1959 918 2018; x_wconf 90' lang='lat' dir='ltr'>coniecturis</span> <span class='ocrx_word' id='word_1_153' title='bbox 954 1956 1088 2015; x_wconf 78' lang='grc' dir='ltr'><em>ἀπέκειτο</em></span> <span class='ocrx_word' id='word_1_154' title='bbox 1109 1963 1146 2029; x_wconf 85' lang='grc' dir='ltr'>(ν.</span> <span class='ocrx_word' id='word_1_155' title='bbox 1168 1965 1234 2031; x_wconf 87' lang='grc'>110)</span> <span class='ocrx_word' id='word_1_156' title='bbox 1260 1967 1289 2018; x_wconf 91' lang='lat' dir='ltr'>et</span> <span class='ocrx_word' id='word_1_157' title='bbox 1313 1955 1385 2018; x_wconf 76' lang='grc' dir='ltr'><em>ἔνθα</em></span> 
     </span>
     <span class='ocr_line' id='line_1_18' title="bbox 265 2044 1385 2130; baseline 0.004 -22"><span class='ocrx_word' id='word_1_158' title='bbox 265 2046 295 2109; x_wconf 82' lang='grc' dir='ltr'>δ’</span> <span class='ocrx_word' id='word_1_159' title='bbox 309 2046 386 2130; x_wconf 77' lang='grc' dir='ltr'><em>ἔχων</em></span> <span class='ocrx_word' id='word_1_160' title='bbox 407 2057 444 2123; x_wconf 82' lang='lat' dir='ltr'>(v.</span> <span class='ocrx_word' id='word_1_161' title='bbox 462 2061 527 2125; x_wconf 82' lang='lat'>115)</span> <span class='ocrx_word' id='word_1_162' title='bbox 549 2053 655 2125; x_wconf 87' lang='lat' dir='ltr'>recepi.</span> <span class='ocrx_word' id='word_1_163' title='bbox 686 2052 731 2110; x_wconf 89' lang='lat' dir='ltr'>De</span> <span class='ocrx_word' id='word_1_164' title='bbox 751 2053 871 2124; x_wconf 89' lang='lat' dir='ltr'>reliquis</span> <span class='ocrx_word' id='word_1_165' title='bbox 892 2053 982 2109; x_wconf 88' lang='lat' dir='ltr'>aliter</span> <span class='ocrx_word' id='word_1_166' title='bbox 1002 2053 1103 2123; x_wconf 90' lang='lat' dir='ltr'>sentio,</span> <span class='ocrx_word' id='word_1_167' title='bbox 1124 2044 1186 2109; x_wconf 74' lang='lat' dir='ltr'>c&#39;um</span> <span class='ocrx_word' id='word_1_168' title='bbox 1207 2060 1294 2126; x_wconf 88' lang='lat' dir='ltr'>poeta</span> <span class='ocrx_word' id='word_1_169' title='bbox 1313 2054 1385 2113; x_wconf 88' lang='lat' dir='ltr'>haec</span> 
     </span>
     <span class='ocr_line' id='line_1_19' title="bbox 265 2145 1383 2219; baseline 0.002 -17"><span class='ocrx_word' id='word_1_170' title='bbox 265 2147 391 2204; x_wconf 87' lang='lat' dir='ltr'>voluisse</span> <span class='ocrx_word' id='word_1_171' title='bbox 404 2146 474 2204; x_wconf 89' lang='lat' dir='ltr'>mibi</span> <span class='ocrx_word' id='word_1_172' title='bbox 487 2146 633 2203; x_wconf 84' lang='lat' dir='ltr'>videatur:</span> <span class='ocrx_word' id='word_1_173' title='bbox 668 2145 835 2203; x_wconf 77' lang='lat' dir='ltr'>»Pastorale</span> <span class='ocrx_word' id='word_1_174' title='bbox 849 2151 944 2203; x_wconf 89' lang='lat' dir='ltr'>autem</span> <span class='ocrx_word' id='word_1_175' title='bbox 958 2145 1062 2217; x_wconf 87' lang='lat' dir='ltr'>pedum</span> <span class='ocrx_word' id='word_1_176' title='bbox 1078 2145 1188 2217; x_wconf 88' lang='lat' dir='ltr'>aberat,</span> <span class='ocrx_word' id='word_1_177' title='bbox 1209 2146 1276 2216; x_wconf 90' lang='lat' dir='ltr'>quia</span> <span class='ocrx_word' id='word_1_178' title='bbox 1296 2162 1383 2219; x_wconf 87' lang='lat' dir='ltr'>saepe</span> 
     </span>
     <span class='ocr_line' id='line_1_20' title="bbox 264 2235 1383 2311; baseline 0.001 -15"><span class='ocrx_word' id='word_1_179' title='bbox 264 2238 292 2296; x_wconf 92' lang='lat' dir='ltr'>in</span> <span class='ocrx_word' id='word_1_180' title='bbox 313 2244 425 2296; x_wconf 84' lang='lat' dir='ltr'>antrum</span> <span class='ocrx_word' id='word_1_181' title='bbox 446 2244 558 2296; x_wconf 91' lang='lat' dir='ltr'>suetum</span> <span class='ocrx_word' id='word_1_182' title='bbox 586 2237 746 2311; x_wconf 89' lang='lat' dir='ltr'>procedens</span> <span class='ocrx_word' id='word_1_183' title='bbox 772 2235 868 2295; x_wconf 84' lang='lat' dir='ltr'>fistula</span> <span class='ocrx_word' id='word_1_184' title='bbox 893 2254 996 2296; x_wconf 91' lang='lat' dir='ltr'>canere</span> <span class='ocrx_word' id='word_1_185' title='bbox 1023 2238 1149 2309; x_wconf 82' lang='lat' dir='ltr'>solebat,</span> <span class='ocrx_word' id='word_1_186' title='bbox 1175 2253 1263 2311; x_wconf 88' lang='lat' dir='ltr'>saepe</span> <span class='ocrx_word' id='word_1_187' title='bbox 1288 2244 1383 2297; x_wconf 90' lang='lat' dir='ltr'>autem</span> 
     </span>
     <span class='ocr_line' id='line_1_21' title="bbox 264 2331 1383 2403; baseline 0.003 -16"><span class='ocrx_word' id='word_1_188' title='bbox 264 2331 292 2389; x_wconf 92' lang='lat' dir='ltr'>in</span> <span class='ocrx_word' id='word_1_189' title='bbox 313 2331 428 2403; x_wconf 88' lang='lat' dir='ltr'>pascuis</span> <span class='ocrx_word' id='word_1_190' title='bbox 449 2347 556 2389; x_wconf 90' lang='lat' dir='ltr'>canens</span> <span class='ocrx_word' id='word_1_191' title='bbox 577 2331 685 2388; x_wconf 90' lang='lat' dir='ltr'>nullam</span> <span class='ocrx_word' id='word_1_192' title='bbox 705 2332 802 2403; x_wconf 86' lang='lat' dir='ltr'>gregis</span> <span class='ocrx_word' id='word_1_193' title='bbox 824 2347 921 2389; x_wconf 91' lang='lat' dir='ltr'>curam</span> <span class='ocrx_word' id='word_1_194' title='bbox 940 2331 1094 2390; x_wconf 73' lang='lat' dir='ltr'>habebat«.</span> <span class='ocrx_word' id='word_1_195' title='bbox 1135 2332 1216 2403; x_wconf 80' lang='lat' dir='ltr'>Quae</span> <span class='ocrx_word' id='word_1_196' title='bbox 1236 2333 1303 2392; x_wconf 93' lang='lat' dir='ltr'>licet</span> <span class='ocrx_word' id='word_1_197' title='bbox 1328 2350 1383 2392; x_wconf 94' lang='lat' dir='ltr'>non</span> 
     </span>
     <span class='ocr_line' id='line_1_22' title="bbox 263 2424 1378 2499; baseline 0.002 -18"><span class='ocrx_word' id='word_1_198' title='bbox 263 2424 346 2482; x_wconf 91' lang='lat' dir='ltr'>nimis</span> <span class='ocrx_word' id='word_1_199' title='bbox 358 2424 504 2497; x_wconf 84' lang='lat' dir='ltr'>elegantia</span> <span class='ocrx_word' id='word_1_200' title='bbox 513 2425 579 2496; x_wconf 89' lang='lat' dir='ltr'>sint,</span> <span class='ocrx_word' id='word_1_201' title='bbox 595 2432 690 2483; x_wconf 88' lang='lat' dir='ltr'>tamen</span> <span class='ocrx_word' id='word_1_202' title='bbox 700 2425 797 2483; x_wconf 89' lang='lat' dir='ltr'>nescio</span> <span class='ocrx_word' id='word_1_203' title='bbox 809 2441 864 2495; x_wconf 92' lang='lat' dir='ltr'>quo</span> <span class='ocrx_word' id='word_1_204' title='bbox 879 2424 962 2484; x_wconf 92' lang='lat' dir='ltr'>modo</span> <span class='ocrx_word' id='word_1_205' title='bbox 974 2425 1036 2484; x_wconf 91' lang='lat' dir='ltr'>iure</span> <span class='ocrx_word' id='word_1_206' title='bbox 1047 2427 1205 2498; x_wconf 84' lang='lat' dir='ltr'>vituperari</span> <span class='ocrx_word' id='word_1_207' title='bbox 1215 2426 1333 2499; x_wconf 90' lang='lat' dir='ltr'>possint.</span> <span class='ocrx_word' id='word_1_208' title='bbox 1351 2459 1378 2467; x_wconf 85' lang='lat'>—·</span> 
     </span>
     <span class='ocr_line' id='line_1_23' title="bbox 263 2513 1384 2590; baseline 0.001 -17"><span class='ocrx_word' id='word_1_209' title='bbox 263 2513 395 2574; x_wconf 83' lang='grc' dir='ltr'><em>ἐπέκειτο</em></span> <span class='ocrx_word' id='word_1_210' title='bbox 416 2516 569 2590; x_wconf 87' lang='lat' dir='ltr'>(,vestibus</span> <span class='ocrx_word' id='word_1_211' title='bbox 590 2515 712 2574; x_wconf 87' lang='lat' dir='ltr'>adfixum</span> <span class='ocrx_word' id='word_1_212' title='bbox 738 2519 828 2587; x_wconf 84' lang='lat' dir='ltr'>erat’)</span> <span class='ocrx_word' id='word_1_213' title='bbox 856 2515 932 2587; x_wconf 92' lang='lat' dir='ltr'>quod</span> <span class='ocrx_word' id='word_1_214' title='bbox 951 2516 1092 2576; x_wconf 88' lang='lat' dir='ltr'>Tournier</span> <span class='ocrx_word' id='word_1_215' title='bbox 1112 2534 1139 2589; x_wconf 94' lang='lat' dir='ltr'>p.</span> <span class='ocrx_word' id='word_1_216' title='bbox 1155 2525 1191 2576; x_wconf 82' lang='lat'>23</span> <span class='ocrx_word' id='word_1_217' title='bbox 1211 2517 1334 2575; x_wconf 91' lang='lat' dir='ltr'>coniecit</span> <span class='ocrx_word' id='word_1_218' title='bbox 1353 2522 1384 2575; x_wconf 90' lang='lat' dir='ltr'>et</span> 
     </span>
     <span class='ocr_line' id='line_1_24' title="bbox 263 2610 1382 2686; baseline -0.004 -14"><span class='ocrx_word' id='word_1_219' title='bbox 263 2615 394 2685; x_wconf 90' lang='lat' dir='ltr'>sequenti</span> <span class='ocrx_word' id='word_1_220' title='bbox 409 2612 594 2686; x_wconf 87' lang='lat' dir='ltr'>descriptioni</span> <span class='ocrx_word' id='word_1_221' title='bbox 616 2612 682 2669; x_wconf 91' lang='lat' dir='ltr'>iude</span> <span class='ocrx_word' id='word_1_222' title='bbox 703 2627 721 2669; x_wconf 90' lang='lat' dir='ltr'>a</span> <span class='ocrx_word' id='word_1_223' title='bbox 741 2613 819 2675; x_wconf 81' lang='grc' dir='ltr'><em>τοῖος</em></span> <span class='ocrx_word' id='word_1_224' title='bbox 842 2611 945 2668; x_wconf 88' lang='lat' dir='ltr'>melius</span> <span class='ocrx_word' id='word_1_225' title='bbox 965 2611 1118 2669; x_wconf 86' lang='lat' dir='ltr'>convenire</span> <span class='ocrx_word' id='word_1_226' title='bbox 1139 2610 1219 2683; x_wconf 87' lang='lat' dir='ltr'>dixit,</span> <span class='ocrx_word' id='word_1_227' title='bbox 1240 2627 1304 2669; x_wconf 90' lang='lat' dir='ltr'>cum</span> <span class='ocrx_word' id='word_1_228' title='bbox 1318 2610 1382 2668; x_wconf 94' lang='lat' dir='ltr'>Mu·</span> 
     </span>
     <span class='ocr_line' id='line_1_25' title="bbox 263 2699 1383 2780; baseline -0.003 -15"><span class='ocrx_word' id='word_1_229' title='bbox 263 2707 367 2765; x_wconf 90' lang='lat' dir='ltr'>tinensi</span> <span class='ocrx_word' id='word_1_230' title='bbox 386 2707 529 2780; x_wconf 88' lang='lat' dir='ltr'>scriptura</span> <span class='ocrx_word' id='word_1_231' title='bbox 543 2723 561 2764; x_wconf 90' lang='lat' dir='ltr'>a</span> <span class='ocrx_word' id='word_1_232' title='bbox 574 2705 719 2778; x_wconf 91' lang='lat' dir='ltr'>plerisque</span> <span class='ocrx_word' id='word_1_233' title='bbox 744 2704 867 2777; x_wconf 90' lang='lat' dir='ltr'>probata</span> <span class='ocrx_word' id='word_1_234' title='bbox 887 2706 965 2768; x_wconf 84' lang='grc' dir='ltr'><em>τοῖος</em></span> <span class='ocrx_word' id='word_1_235' title='bbox 984 2699 1061 2760; x_wconf 76' lang='grc' dir='ltr'><em>ἐπεὶ</em></span> <span class='ocrx_word' id='word_1_236' title='bbox 1079 2704 1171 2761; x_wconf 89' lang='lat' dir='ltr'>minus</span> <span class='ocrx_word' id='word_1_237' title='bbox 1192 2710 1260 2777; x_wconf 90' lang='lat' dir='ltr'>apte</span> <span class='ocrx_word' id='word_1_238' title='bbox 1278 2705 1383 2763; x_wconf 91' lang='lat' dir='ltr'>sociari</span> 
     </span>
     <span class='ocr_line' id='line_1_26' title="bbox 261 2790 1381 2875; baseline -0.006 -15"><span class='ocrx_word' id='word_1_239' title='bbox 261 2817 347 2874; x_wconf 90' lang='lat' dir='ltr'>posse</span> <span class='ocrx_word' id='word_1_240' title='bbox 372 2800 441 2858; x_wconf 89' lang='lat' dir='ltr'>mibi</span> <span class='ocrx_word' id='word_1_241' title='bbox 467 2799 590 2856; x_wconf 83' lang='lat' dir='ltr'>videtur.</span> <span class='ocrx_word' id='word_1_242' title='bbox 616 2829 653 2839; x_wconf 93' lang='lat'>-</span> <span class='ocrx_word' id='word_1_243' title='bbox 681 2796 763 2868; x_wconf 83' lang='lat' dir='ltr'>Quod</span> <span class='ocrx_word' id='word_1_244' title='bbox 789 2803 885 2855; x_wconf 89' lang='lat' dir='ltr'>autem</span> <span class='ocrx_word' id='word_1_245' title='bbox 910 2795 948 2853; x_wconf 89' lang='lat' dir='ltr'>ad</span> <span class='ocrx_word' id='word_1_246' title='bbox 974 2792 1039 2852; x_wconf 84' lang='grc' dir='ltr'><em>κατ’</em></span> <span class='ocrx_word' id='word_1_247' title='bbox 1067 2790 1142 2872; x_wconf 75' lang='grc' dir='ltr'><em>ἤθεα</em></span> <span class='ocrx_word' id='word_1_248' title='bbox 1167 2795 1243 2854; x_wconf 84' lang='grc' dir='ltr'><em>καλὰ</em></span> <span class='ocrx_word' id='word_1_249' title='bbox 1273 2795 1381 2875; x_wconf 75' lang='grc' dir='ltr'><em>νομήων</em></span> 
     </span>
     <span class='ocr_line' id='line_1_27' title="bbox 261 2887 1382 2963; baseline -0.005 -10"><span class='ocrx_word' id='word_1_250' title='bbox 261 2894 374 2963; x_wconf 88' lang='lat' dir='ltr'>attinet,</span> <span class='ocrx_word' id='word_1_251' title='bbox 395 2897 475 2951; x_wconf 89' lang='lat' dir='ltr'>recte</span> <span class='ocrx_word' id='word_1_252' title='bbox 489 2892 561 2949; x_wconf 89' lang='lat' dir='ltr'>baec</span> <span class='ocrx_word' id='word_1_253' title='bbox 581 2907 599 2949; x_wconf 90' lang='lat' dir='ltr'>a</span> <span class='ocrx_word' id='word_1_254' title='bbox 618 2890 739 2949; x_wconf 91' lang='lat' dir='ltr'>Lehrsio</span> <span class='ocrx_word' id='word_1_255' title='bbox 760 2889 951 2963; x_wconf 89' lang='lat' dir='ltr'>interpretata</span> <span class='ocrx_word' id='word_1_256' title='bbox 972 2905 1036 2947; x_wconf 89' lang='lat' dir='ltr'>esso</span> <span class='ocrx_word' id='word_1_257' title='bbox 1056 2887 1203 2961; x_wconf 89' lang='lat' dir='ltr'>videntur,</span> <span class='ocrx_word' id='word_1_258' title='bbox 1226 2890 1275 2960; x_wconf 90' lang='lat' dir='ltr'>qui</span> <span class='ocrx_word' id='word_1_259' title='bbox 1295 2891 1382 2948; x_wconf 88' lang='lat' dir='ltr'>vertit</span> 
     </span>
     <span class='ocr_line' id='line_1_28' title="bbox 263 2981 1382 3060; baseline -0.001 -19"><span class='ocrx_word' id='word_1_260' title='bbox 263 3002 385 3060; x_wconf 79' lang='lat' dir='ltr'>»gerens</span> <span class='ocrx_word' id='word_1_261' title='bbox 409 2985 534 3044; x_wconf 88' lang='lat' dir='ltr'>fistulam</span> <span class='ocrx_word' id='word_1_262' title='bbox 560 2984 716 3043; x_wconf 87' lang='lat' dir='ltr'>secundum</span> <span class='ocrx_word' id='word_1_263' title='bbox 740 2981 961 3041; x_wconf 90' lang='lat' dir='ltr'>consuetudines</span> <span class='ocrx_word' id='word_1_264' title='bbox 987 2982 1122 3054; x_wconf 89' lang='lat' dir='ltr'>pulchras</span> <span class='ocrx_word' id='word_1_265' title='bbox 1142 2987 1290 3055; x_wconf 88' lang='lat' dir='ltr'>pastorum</span> <span class='ocrx_word' id='word_1_266' title='bbox 1309 2982 1382 3041; x_wconf 88' lang='lat' dir='ltr'>Pani</span> 
     </span>
     <span class='ocr_line' id='line_1_29' title="bbox 262 3074 1380 3153; baseline -0.006 -14"><span class='ocrx_word' id='word_1_267' title='bbox 262 3084 292 3139; x_wconf 90' lang='lat' dir='ltr'>et</span> <span class='ocrx_word' id='word_1_268' title='bbox 311 3079 457 3137; x_wconf 88' lang='lat' dir='ltr'>Mercurio</span> <span class='ocrx_word' id='word_1_269' title='bbox 472 3086 583 3152; x_wconf 80' lang='lat' dir='ltr'>gratam</span> <span class='ocrx_word' id='word_1_270' title='bbox 599 3077 740 3138; x_wconf 85' lang='lat' dir='ltr'>offerebat</span> <span class='ocrx_word' id='word_1_271' title='bbox 754 3077 953 3135; x_wconf 78' lang='lat' dir='ltr'>cantilenam«.</span> <span class='ocrx_word' id='word_1_272' title='bbox 978 3110 1006 3117; x_wconf 87' lang='lat'>—</span> <span class='ocrx_word' id='word_1_273' title='bbox 1033 3074 1087 3134; x_wconf 80' lang='lat'>117</span> <span class='ocrx_word' id='word_1_274' title='bbox 1108 3096 1156 3131; x_wconf 83' lang='grc' dir='ltr'>και</span> <span class='ocrx_word' id='word_1_275' title='bbox 1168 3077 1214 3147; x_wconf 91' lang='grc' dir='ltr'>Μ;</span> <span class='ocrx_word' id='word_1_276' title='bbox 1231 3074 1380 3153; x_wconf 74' lang='grc' dir='ltr'><em>μυκήσατο</em></span> 
     </span>
     <span class='ocr_line' id='line_1_30' title="bbox 261 3169 1380 3250; baseline -0.003 -20"><span class='ocrx_word' id='word_1_277' title='bbox 261 3172 385 3250; x_wconf 80' lang='grc' dir='ltr'><em>ταῦρονς</em></span> <span class='ocrx_word' id='word_1_278' title='bbox 404 3172 451 3245; x_wconf 91' lang='lat' dir='ltr'>M,</span> <span class='ocrx_word' id='word_1_279' title='bbox 471 3170 635 3250; x_wconf 69' lang='grc' dir='ltr'><em>μοκήσαντο</em></span> <span class='ocrx_word' id='word_1_280' title='bbox 658 3169 757 3246; x_wconf 81' lang='grc' dir='ltr'><em>ταῦροι</em></span> <span class='ocrx_word' id='word_1_281' title='bbox 777 3169 859 3228; x_wconf 87' lang='lat' dir='ltr'>codd.</span> <span class='ocrx_word' id='word_1_282' title='bbox 881 3170 952 3228; x_wconf 83' lang='lat' dir='ltr'>dett.</span> <span class='ocrx_word' id='word_1_283' title='bbox 973 3174 1003 3228; x_wconf 86' lang='lat' dir='ltr'>et</span> <span class='ocrx_word' id='word_1_284' title='bbox 1024 3169 1089 3228; x_wconf 86' lang='lat' dir='ltr'>edd.</span> <span class='ocrx_word' id='word_1_285' title='bbox 1111 3171 1208 3243; x_wconf 69' lang='lat' dir='ltr'>antiq,</span> <span class='ocrx_word' id='word_1_286' title='bbox 1229 3171 1284 3228; x_wconf 89' lang='lat' dir='ltr'>nisi</span> <span class='ocrx_word' id='word_1_287' title='bbox 1304 3169 1380 3242; x_wconf 89' lang='lat' dir='ltr'>quod</span> 
     </span>
    </p>
   </div>
   <div class='ocr_carea' id='block_1_5' title="bbox 257 3284 1380 3960">
    <p class='ocr_par' dir='ltr' id='par_1_5' title="bbox 257 3284 1380 3960">
     <span class='ocr_line' id='line_1_31' title="bbox 257 3284 1380 3395; baseline 0.006 -21"><span class='ocrx_word' id='word_1_288' title='bbox 257 3314 422 3394; x_wconf 68' lang='grc' dir='ltr'><em>μηκύσαντο</em></span> <span class='ocrx_word' id='word_1_289' title='bbox 437 3318 475 3389; x_wconf 72' lang='lat' dir='ltr'>Q3</span> <span class='ocrx_word' id='word_1_290' title='bbox 496 3315 595 3395; x_wconf 72' lang='lat' dir='ltr'>ratpot</span> <span class='ocrx_word' id='word_1_291' title='bbox 610 3317 640 3388; x_wconf 83' lang='lat' dir='ltr'>G,</span> <span class='ocrx_word' id='word_1_292' title='bbox 661 3284 848 3395; x_wconf 63' lang='lat' dir='ltr'>ratpofnm</span> <span class='ocrx_word' id='word_1_293' title='bbox 869 3328 1056 3381; x_wconf 82' lang='lat' dir='ltr'>correxerunt</span> <span class='ocrx_word' id='word_1_294' title='bbox 1074 3323 1234 3394; x_wconf 90' lang='lat' dir='ltr'>Brodaeus,</span> <span class='ocrx_word' id='word_1_295' title='bbox 1257 3323 1380 3381; x_wconf 80' lang='lat' dir='ltr'>Faiken·</span> 
     </span>
     <span class='ocr_line' id='line_1_32' title="bbox 260 3410 1379 3493; baseline 0.001 -23"><span class='ocrx_word' id='word_1_296' title='bbox 260 3410 334 3482; x_wconf 87' lang='lat' dir='ltr'>burg</span> <span class='ocrx_word' id='word_1_297' title='bbox 355 3417 384 3469; x_wconf 93' lang='lat' dir='ltr'>et</span> <span class='ocrx_word' id='word_1_298' title='bbox 398 3411 570 3485; x_wconf 86' lang='lat' dir='ltr'>Stephanus.</span> <span class='ocrx_word' id='word_1_299' title='bbox 587 3445 620 3454; x_wconf 89' lang='lat'>-</span> <span class='ocrx_word' id='word_1_300' title='bbox 643 3412 697 3473; x_wconf 81' lang='lat'>118</span> <span class='ocrx_word' id='word_1_301' title='bbox 713 3435 820 3491; x_wconf 78' lang='grc' dir='ltr'><em>μοονην</em></span> <span class='ocrx_word' id='word_1_302' title='bbox 840 3413 868 3473; x_wconf 83' lang='grc' dir='ltr'>δ’</span> <span class='ocrx_word' id='word_1_303' title='bbox 893 3418 933 3488; x_wconf 80' lang='lat' dir='ltr'>R3</span> <span class='ocrx_word' id='word_1_304' title='bbox 950 3416 1187 3493; x_wconf 79' lang='grc' dir='ltr'><em>μοϋνημονόεσοα</em></span> <span class='ocrx_word' id='word_1_305' title='bbox 1205 3418 1251 3487; x_wconf 87' lang='grc' dir='ltr'>Μ;</span> <span class='ocrx_word' id='word_1_306' title='bbox 1268 3415 1379 3493; x_wconf 66' lang='lat' dir='ltr'>flogra·</span> 
     </span>
     <span class='ocr_line' id='line_1_33' title="bbox 260 3502 1379 3583; baseline 0.005 -23"><span class='ocrx_word' id='word_1_307' title='bbox 260 3502 376 3568; x_wconf 81' lang='grc' dir='ltr'><em>δίδατος</em></span> <span class='ocrx_word' id='word_1_308' title='bbox 395 3504 436 3577; x_wconf 90' lang='grc' dir='ltr'>Μ,</span> <span class='ocrx_word' id='word_1_309' title='bbox 458 3504 534 3562; x_wconf 92' lang='lat' dir='ltr'>unde</span> <span class='ocrx_word' id='word_1_310' title='bbox 556 3503 643 3582; x_wconf 75' lang='grc' dir='ltr'><em>βοῆς,</em></span> <span class='ocrx_word' id='word_1_311' title='bbox 673 3508 703 3564; x_wconf 92' lang='lat' dir='ltr'>in</span> <span class='ocrx_word' id='word_1_312' title='bbox 728 3509 804 3579; x_wconf 91' lang='lat' dir='ltr'>quod</span> <span class='ocrx_word' id='word_1_313' title='bbox 830 3510 917 3567; x_wconf 90' lang='lat' dir='ltr'>etiam</span> <span class='ocrx_word' id='word_1_314' title='bbox 941 3510 1060 3583; x_wconf 86' lang='lat' dir='ltr'>Lonnep</span> <span class='ocrx_word' id='word_1_315' title='bbox 1086 3510 1242 3581; x_wconf 89' lang='lat' dir='ltr'>inciderat,</span> <span class='ocrx_word' id='word_1_316' title='bbox 1271 3510 1379 3583; x_wconf 90' lang='lat' dir='ltr'>primus</span> 
     </span>
     <span class='ocr_line' id='line_1_34' title="bbox 259 3596 1378 3675; baseline 0.005 -22"><span class='ocrx_word' id='word_1_317' title='bbox 259 3597 370 3669; x_wconf 91' lang='lat' dir='ltr'>recepit</span> <span class='ocrx_word' id='word_1_318' title='bbox 388 3597 519 3670; x_wconf 85' lang='lat' dir='ltr'>Bekker,</span> <span class='ocrx_word' id='word_1_319' title='bbox 538 3596 609 3675; x_wconf 74' lang='grc' dir='ltr'><em>βοήν</em></span> <span class='ocrx_word' id='word_1_320' title='bbox 635 3600 717 3660; x_wconf 91' lang='lat' dir='ltr'>codd.</span> <span class='ocrx_word' id='word_1_321' title='bbox 739 3602 810 3661; x_wconf 86' lang='lat' dir='ltr'>dett.</span> <span class='ocrx_word' id='word_1_322' title='bbox 831 3611 861 3663; x_wconf 91' lang='lat' dir='ltr'>et</span> <span class='ocrx_word' id='word_1_323' title='bbox 881 3603 946 3662; x_wconf 92' lang='lat' dir='ltr'>edd.</span> <span class='ocrx_word' id='word_1_324' title='bbox 968 3609 1035 3663; x_wconf 90' lang='lat' dir='ltr'>ante</span> <span class='ocrx_word' id='word_1_325' title='bbox 1060 3604 1234 3664; x_wconf 86' lang='lat' dir='ltr'>Bekkerum.</span> <span class='ocrx_word' id='word_1_326' title='bbox 1263 3638 1297 3646; x_wconf 89' lang='lat'>-</span> <span class='ocrx_word' id='word_1_327' title='bbox 1324 3599 1378 3660; x_wconf 84' lang='lat' dir='ltr'>tta</span> 
     </span>
     <span class='ocr_line' id='line_1_35' title="bbox 259 3687 1379 3775; baseline 0.005 -29"><span class='ocrx_word' id='word_1_328' title='bbox 259 3688 356 3746; x_wconf 79' lang='grc' dir='ltr'><em>ϊδαίων</em></span> <span class='ocrx_word' id='word_1_329' title='bbox 369 3690 414 3762; x_wconf 88' lang='grc' dir='ltr'>Μ;</span> <span class='ocrx_word' id='word_1_330' title='bbox 435 3688 571 3768; x_wconf 80' lang='grc' dir='ltr'><em>ἀντῖαχος</em></span> <span class='ocrx_word' id='word_1_331' title='bbox 591 3687 671 3770; x_wconf 79' lang='grc' dir='ltr'><em>ἴαχεν</em></span> <span class='ocrx_word' id='word_1_332' title='bbox 689 3693 730 3765; x_wconf 90' lang='grc' dir='ltr'>Μ,</span> <span class='ocrx_word' id='word_1_333' title='bbox 751 3696 803 3754; x_wconf 89' lang='lat' dir='ltr'>sed</span> <span class='ocrx_word' id='word_1_334' title='bbox 823 3696 855 3754; x_wconf 90' lang='lat' dir='ltr'>M</span> <span class='ocrx_word' id='word_1_335' title='bbox 877 3704 894 3754; x_wconf 80' lang='lat'>2</span> <span class='ocrx_word' id='word_1_336' title='bbox 920 3694 1010 3772; x_wconf 75' lang='grc' dir='ltr'><em>θροος</em></span> <span class='ocrx_word' id='word_1_337' title='bbox 1029 3699 1147 3770; x_wconf 87' lang='lat' dir='ltr'>scripsit</span> <span class='ocrx_word' id='word_1_338' title='bbox 1168 3714 1257 3771; x_wconf 89' lang='lat' dir='ltr'>supra</span> <span class='ocrx_word' id='word_1_339' title='bbox 1278 3695 1379 3775; x_wconf 84' lang='grc' dir='ltr'><em>ἴαχος,·</em></span> 
     </span>
     <span class='ocr_line' id='line_1_36' title="bbox 258 3781 1380 3869; baseline 0.004 -29"><span class='ocrx_word' id='word_1_340' title='bbox 258 3781 475 3859; x_wconf 66' lang='grc' dir='ltr'><em>ἀντιΉρονοςῦς</em></span> <span class='ocrx_word' id='word_1_341' title='bbox 497 3781 561 3863; x_wconf 60' lang='lat' dir='ltr'>bloi</span> <span class='ocrx_word' id='word_1_342' title='bbox 575 3786 647 3857; x_wconf 81' lang='lat' dir='ltr'>LN3</span> <span class='ocrx_word' id='word_1_343' title='bbox 665 3817 695 3828; x_wconf 81' lang='grc'>-</span> <span class='ocrx_word' id='word_1_344' title='bbox 719 3786 781 3847; x_wconf 80' lang='lat'>120</span> <span class='ocrx_word' id='word_1_345' title='bbox 796 3790 825 3847; x_wconf 91' lang='lat' dir='ltr'>in</span> <span class='ocrx_word' id='word_1_346' title='bbox 840 3786 938 3866; x_wconf 80' lang='grc' dir='ltr'><em>ταῦροι</em></span> <span class='ocrx_word' id='word_1_347' title='bbox 952 3809 968 3845; x_wconf 94' lang='grc' dir='ltr'><em>ο</em></span> <span class='ocrx_word' id='word_1_348' title='bbox 983 3806 1018 3848; x_wconf 85' lang='lat' dir='ltr'>ex</span> <span class='ocrx_word' id='word_1_349' title='bbox 1031 3809 1047 3846; x_wconf 89' lang='grc' dir='ltr'><em>ν</em></span> <span class='ocrx_word' id='word_1_350' title='bbox 1062 3790 1095 3848; x_wconf 90' lang='grc' dir='ltr'><strong>Μ</strong></span> <span class='ocrx_word' id='word_1_351' title='bbox 1107 3797 1136 3861; x_wconf 89' lang='grc'>1;</span> <span class='ocrx_word' id='word_1_352' title='bbox 1157 3790 1191 3847; x_wconf 84' lang='grc' dir='ltr'>δε</span> <span class='ocrx_word' id='word_1_353' title='bbox 1204 3791 1250 3861; x_wconf 86' lang='grc' dir='ltr'>Μ;</span> <span class='ocrx_word' id='word_1_354' title='bbox 1268 3789 1316 3869; x_wconf 81' lang='grc' dir='ltr'>χλ.</span> <span class='ocrx_word' id='word_1_355' title='bbox 1332 3787 1380 3845; x_wconf 77' lang='grc' dir='ltr'>καὶ</span> 
     </span>
     <span class='ocr_line' id='line_1_37' title="bbox 258 3876 1380 3960; baseline 0.005 -27"><span class='ocrx_word' id='word_1_356' title='bbox 258 3876 402 3954; x_wconf 83' lang='grc' dir='ltr'><em>κορκότες</em></span> <span class='ocrx_word' id='word_1_357' title='bbox 425 3876 520 3955; x_wconf 76' lang='grc' dir='ltr'><em>ὑψόθε</em></span> <span class='ocrx_word' id='word_1_358' title='bbox 547 3879 611 3952; x_wconf 89' lang='lat' dir='ltr'>(sed</span> <span class='ocrx_word' id='word_1_359' title='bbox 635 3880 767 3940; x_wconf 91' lang='lat' dir='ltr'>ultimum</span> <span class='ocrx_word' id='word_1_360' title='bbox 785 3901 801 3938; x_wconf 88' lang='grc' dir='ltr'>ε</span> <span class='ocrx_word' id='word_1_361' title='bbox 821 3882 973 3954; x_wconf 85' lang='lat' dir='ltr'>incertum)</span> <span class='ocrx_word' id='word_1_362' title='bbox 998 3883 1046 3957; x_wconf 89' lang='lat' dir='ltr'>M,</span> <span class='ocrx_word' id='word_1_363' title='bbox 1072 3883 1125 3942; x_wconf 87' lang='lat' dir='ltr'>sed</span> <span class='ocrx_word' id='word_1_364' title='bbox 1147 3881 1256 3960; x_wconf 75' lang='lat' dir='ltr'>pxo&#39;rec</span> <span class='ocrx_word' id='word_1_365' title='bbox 1285 3880 1380 3959; x_wconf 71' lang='grc' dir='ltr'>ὁφόθε</span> 
     </span>
    </p>
   </div>
   <div class='ocr_carea' id='block_1_6' title="bbox 256 3990 1379 4106">
    <p class='ocr_par' dir='ltr' id='par_1_6' title="bbox 256 3990 1379 4106">
     <span class='ocr_line' id='line_1_38' title="bbox 256 3990 1379 4106; baseline 0.009 -29"><span class='ocrx_word' id='word_1_366' title='bbox 256 4021 338 4099; x_wconf 69' lang='grc' dir='ltr'><em>ποίης</em></span> <span class='ocrx_word' id='word_1_367' title='bbox 357 4022 486 4081; x_wconf 88' lang='lat' dir='ltr'>additum</span> <span class='ocrx_word' id='word_1_368' title='bbox 507 4030 552 4082; x_wconf 89' lang='lat' dir='ltr'>est</span> <span class='ocrx_word' id='word_1_369' title='bbox 571 4041 589 4083; x_wconf 90' lang='lat' dir='ltr'>a</span> <span class='ocrx_word' id='word_1_370' title='bbox 608 4024 641 4082; x_wconf 96' lang='lat' dir='ltr'>M</span> <span class='ocrx_word' id='word_1_371' title='bbox 654 4031 685 4096; x_wconf 82' lang='lat'>33</span> <span class='ocrx_word' id='word_1_372' title='bbox 706 4023 740 4083; x_wconf 83' lang='grc' dir='ltr'>δὲ</span> <span class='ocrx_word' id='word_1_373' title='bbox 760 4043 814 4085; x_wconf 90' lang='lat' dir='ltr'>om.</span> <span class='ocrx_word' id='word_1_374' title='bbox 835 4026 905 4098; x_wconf 78' lang='lat' dir='ltr'>LQ3</span> <span class='ocrx_word' id='word_1_375' title='bbox 928 3990 1117 4103; x_wconf 53' lang='lat' dir='ltr'>aexossrxo‘rec</span> <span class='ocrx_word' id='word_1_376' title='bbox 1132 4026 1168 4099; x_wconf 75' lang='grc' dir='ltr'>ῦς</span> <span class='ocrx_word' id='word_1_377' title='bbox 1188 4026 1323 4106; x_wconf 77' lang='grc' dir='ltr'><em>χλωερῆς</em></span> <span class='ocrx_word' id='word_1_378' title='bbox 1344 4043 1379 4087; x_wconf 84' lang='lat' dir='ltr'>ex</span> 
     </span>
    </p>
   </div>
   <div class='ocr_carea' id='block_1_7' title="bbox 0 0 1566 4656">
    <p class='ocr_par' dir='ltr' id='par_1_7' title="bbox 0 0 1566 4656">
     <span class='ocr_line' id='line_1_39' title="bbox 0 0 1566 4656; baseline 0 3"><span class='ocrx_word' id='word_1_379' title='bbox 0 0 1566 4656; x_wconf 95' lang='lat' dir='ltr'> </span> 
     </span>
    </p>
   </div>
  </div>
 </body>
</html>
