3108 4662
621 309 856 372 -103-

176 499 303 554 maestas
324 509 389 553 esse
408 500 494 568 putat
514 494 600 563 deas,
625 494 703 566 qnod
722 496 873 554 mortalem
892 512 945 568 pro
966 494 1063 554 iudice
1082 497 1247 557 habuerint·
1266 527 1306 540 -

176 585 222 646 ἐπ’
246 585 393 666 ούρανίγγσι
407 588 440 646 Μ
454 594 483 646 et
501 588 566 647 edd.
581 594 649 646 ante
662 588 851 661 Lennepium,
871 584 916 645 ἐπ’
940 584 1084 665 ούρανίήσι
1100 589 1201 662 OLN,
1221 586 1306 647 ἐπου·

177 681 301 760 ρανήγσι,
322 681 399 753 quod
418 682 520 740 moluit
539 681 664 752 Ubelus,
686 680 756 752 GP,
776 677 972 760 ἐπουρανζήσιν
993 682 1028 754 S,
1051 679 1252 757 ἐπουρανίοισι,
1272 687 1308 740 nt

177 791 214 834 ex
239 775 312 835 coni,
334 774 426 833 edidit
446 775 574 848 Lennep,
602 776 640 847 Q,
665 771 848 854 ἐπυυρανιζήσι
873 776 939 834 edd.
965 775 1033 834 inde
1059 775 1243 835 eBekkero.
1268 807 1305 817 -

178 866 241 926 293
263 867 401 945 κυπριδος
419 868 535 946 ἀγλαῑήν
562 868 611 924 καλ
630 863 774 946 ἐπήρατον
793 869 840 941 Μ;
861 902 896 911 -
919 867 984 928 294
1003 866 1055 946 ήδὲ
1079 869 1125 940 Μ,
1152 866 1222 945 ήδὲ
1241 869 1305 932 rell.

179 961 262 1020 codd.
284 968 314 1021 et
335 962 410 1033 edd,
431 958 448 1039 i)
467 960 501 1019 δὲ
516 978 585 1034 ego;
607 995 640 1004 -
662 961 802 1032 ἀνταξίων
822 961 916 1041 έργων
936 963 982 1034 Μ;
1004 996 1039 1005 -·
1063 960 1125 1021 295
1147 959 1239 1039 νύμφή
1252 962 1305 1035 W3

181 1053 354 1133 ιμερύεσσαν
374 1056 421 1128 Μ,
442 1055 514 1131 λμερ.
536 1055 603 1128 eL,
623 1053 704 1133 ήμερ.
724 1057 863 1128 ANQR3
883 1053 1039 1113 κατένευσε
1060 1055 1097 1127 (λ;
1119 1052 1244 1112 ύπασσαι
1262 1055 1305 1126 M,

179 1146 284 1206 ὀπάσαι
297 1149 333 1221 L,
348 1146 480 1213 ὀπάσσας
490 1149 542 1208 AG
556 1150 615 1220 (hia
628 1150 743 1221 quidem
758 1166 822 1208 cum
836 1150 874 1222 gl.
888 1147 1117 1228 παραχωρήσας)
1128 1148 1303 1221 NPQRSW.

179 1237 314 1300 ύποὶσσειν
341 1244 413 1300 coni.
439 1242 581 1302 Toumier
600 1262 630 1316 p.
651 1251 686 1303 36
713 1242 780 1303 fort.
800 1250 889 1303 recte.
912 1276 946 1284 —-
969 1241 1033 1301 296
1053 1239 1153 1319 έλένήν
1175 1242 1205 1313 G,
1225 1238 1305 1299 ἐννέ-

178 1356 262 1394 πουσι
283 1337 317 1408 S3
339 1370 373 1378 -
397 1334 459 1395 297
484 1332 583 1394 ἕνεκεν
602 1338 678 1411 ΜΟ,
705 1334 794 1399 ἕνεκα
814 1338 865 1408 W;
890 1336 1015 1414 τετλήκα
1034 1336 1081 1409 Μ;
1106 1333 1196 1393 πολλὰ
1215 1335 1306 1394 tacite

180 1434 297 1509 scripsit
322 1433 470 1493 Hermann
495 1453 523 1508 p.
546 1443 596 1505 20,
626 1435 678 1492 sed
704 1433 754 1492 cfr.
783 1431 925 1510 τήλίκον
951 1428 1036 1508 οἶδμα
1059 1430 1187 1509 περήσας
1210 1434 1305 1491 Nonn.

178 1528 264 1587 Dion.
287 1534 333 1600 42,
356 1535 419 1586 102.
459 1527 590 1603 πειρῆσαι
609 1527 657 1599 M,
684 1528 765 1585 »Non
785 1543 903 1599 prorsus
925 1526 1062 1585 abhomet
1082 1526 1119 1584 eb
1139 1542 1194 1584 nsu
1214 1525 1305 1584 Grae-

180 1638 278 1680 corum
299 1620 362 1691 καί,
384 1621 461 1693 quod
480 1620 518 1677 od
537 1626 629 1679 totam
653 1621 825 1679 sententiam
846 1620 983 1693 pertinet,
1004 1620 1176 1678 collocatam
1196 1623 1229 1676 ut
1248 1618 1304 1674 hic.

180 1715 239 1774 Sed
260 1721 358 1773 tamen
378 1715 538 1787 elegantius
563 1711 597 1770 δι’
618 1710 740 1789 οἴδματα
760 1704 943 1786 scripsisset
975 1714 1068 1785 Quum
1093 1718 1190 1770 autem
1210 1710 1305 1770 Nonni

180 1813 261 1866 secta
281 1813 359 1866 emet
377 1809 549 1881 partitiones
575 1824 629 1880 per
648 1808 705 1866 dno
726 1805 774 1863 καλ
797 1806 903 1878 iactas,
930 1805 1008 1863 haud
1035 1806 1094 1863 scio
1123 1820 1159 1862 an
1183 1803 1307 1876 perierit

179 1919 279 1960 versus
301 1902 401 1959 eadem
422 1902 524 1960 vocula
548 1902 703 1975 incipiens,
729 1901 784 1958 hac
809 1900 966 1957 sententia:
994 1903 1122 1956 ettam
1147 1900 1305 1954 remotes

180 1996 348 2066 regiones
369 1994 501 2052 adire«
542 1995 719 2053 Hermann
739 2012 766 2066 p.
789 2002 840 2065 203
862 2026 896 2034 -
920 1989 983 2050 298
1004 1989 1101 2066 γάμων
1120 1990 1192 2061 AQ3
1220 1986 1307 2063 κερά-

180 2139 267 2196 σορεν
287 2122 328 2192 R3
348 2117 536 2199 ἐπικυύερεια
554 2123 602 2193 Μ;
624 2157 657 2164 -
681 2120 745 2181 299
767 2119 836 2177 κατ’
856 2116 1021 2199 αἶσχύνειας
1039 2119 1141 2190 Α9Ν;
1167 2114 1238 2195 ἐμήν
1259 2114 1307 2174 κύ-

179 2228 255 2291 πριν,
276 2215 381 2279 omisso
408 2213 456 2269 καὶ
477 2215 524 2286 Μ;
552 2211 675 2290 ἐλέγξας
694 2215 740 2286 Μ,
762 2212 882 2293 ἐλέγξῃς
901 2214 966 2271 rell.
987 2213 1069 2272 codd.
1097 2217 1126 2270 et
1151 2212 1216 2270 edd.
1239 2219 1306 2270 ante

180 2306 282 2364 Lehrs.
316 2306 470 2365 »Fortasse
491 2309 553 2367 cod.
568 2308 642 2367 Mat.
662 2310 738 2367 idem
759 2313 829 2382 vult,
851 2326 885 2367 eo
899 2310 1018 2380 vulgata
1032 2308 1128 2376 lectio,
1151 2314 1181 2366 et
1200 2307 1307 2366 excidit

182 2397 230 2454 καλ
256 2404 324 2456 ante
344 2396 463 2474 Κύπριν;
489 2402 540 2458 sed
567 2402 653 2459 simili
677 2403 762 2461 modo
788 2403 922 2469 excidere
949 2403 1034 2460 etiam
1060 2402 1156 2473 potnit
1177 2398 1216 2478 μή
1241 2406 1308 2472 post

180 2489 259 2568 ἐμήν,
279 2498 312 2548 ut
332 2498 410 2550 esset
432 2489 502 2569 ἐμήν
524 2490 563 2570 μή
584 2491 688 2569 Κύπριν
713 2490 860 2570 έλέγξαις,
886 2512 961 2566 quae
986 2496 1109 2567 optativi
1134 2493 1226 2553 forma
1250 2509 1307 2551 non

182 2585 344 2642 damnanda
364 2590 417 2642 est.
447 2585 555 2643 Verum
575 2603 639 2644 cnm
661 2586 730 2645 (iod.
751 2587 859 2647 habeat
878 2584 950 2664 ἐμήν
972 2586 1076 2664 Κυπριν
1097 2582 1229 2662 ε’λεγξας,
1251 2585 1307 2644 ior·
1338 2612 1340 2615 ·

181 2682 260 2736 tasse
275 2677 349 2735 adeo
364 2678 560 2737 scribendum:
571 2677 611 2756 μή
620 2698 659 2753 με
671 2679 904 2759 καταισχύνειας,
919 2677 988 2757 ἐμήν
1002 2674 1019 2755 ή
1034 2678 1142 2755 Κύπριν
1155 2675 1305 2753 ε’λέγξαις(

182 2768 354 2829 Graefins
374 2787 402 2842 p.
418 2778 481 2829 255.
513 2771 606 2829 Lehrs
626 2772 743 2831 iubente
758 2774 923 2833 Hermanno
937 2792 966 2846 p.
983 2782 1019 2834 20
1039 2770 1077 2829 εἴ
1085 2791 1128 2847 με
1150 2767 1306 2848 καταισχύ-

183 2882 274 2934 νειας,
304 2859 375 2940 ἐμήν
401 2861 449 2919 καλ
475 2860 580 2940 Κύπριν
605 2861 772 2940 ἐλέγξεις
798 2867 898 2924 edidit.
944 2868 989 2924 Ex
1014 2866 1047 2924 M
1071 2865 1139 2924 iibri
1164 2865 1309 2937 scripturo

182 2955 330 3030 profectus
354 2955 394 3035 μή
416 2976 455 3033 με
475 2953 711 3034 καταισχύνειας,
736 2955 807 3035 ἐμήν
833 2958 881 3014 καλ
903 2957 1009 3035 Κύπριν
1033 2955 1167 3036 ε’λέγξαις
1185 2958 1309 3025 coniecIt

186 3050 345 3108 Schneider
358 3068 386 3123 p.
398 3059 464 3123 434,
478 3051 570 3108 simile
585 3049 634 3106 καλ
647 3053 809 3123 particulae
824 3053 1005 3125 hyperbaton
1020 3054 1142 3112 afferens
1158 3070 1193 3111 ex
1205 3054 1307 3111 Nonne

183 3145 268 3204 Dion.
288 3148 333 3216 17,
349 3147 403 3203 157
424 3142 540 3222 τεύχων
555 3145 653 3220 κῶμον
665 3138 750 3221 inpar,
772 3144 899 3203 θαλύσια
920 3145 967 3202 καλ
980 3145 1110 3222 Διονύσῳ
1125 3152 1155 3220 et
1167 3144 1308 3218 Parephr.

184 3236 257 3306 ξ21
279 3235 338 3315 ζωή
363 3235 425 3313 ἐγὼ
446 3237 556 3312 βιότοιο
584 3237 632 3293 καὶ
656 3238 794 3314 ἀτραπός.
834 3240 963 3298 Priorem
986 3238 1094 3299 Graefii
1113 3241 1309 3298 coniecturam

181 3332 324 3406 praetulit
346 3331 459 3389 Tiedke
483 3332 513 3388 in
539 3331 647 3389 Herma
672 3332 743 3390 XIII
763 3350 789 3404 p.
813 3335 868 3391 357
897 3350 980 3390 »nam
1005 3334 1097 3402 magis
1125 3333 1308 3391 Nonnianum

183 3426 254 3483 illud
273 3423 313 3500 μή
333 3425 431 3482 reddit
451 3426 619 3483 orationem.
651 3425 698 3494 (ei.
713 3425 797 3484 Dion.
813 3426 837 3483 V
852 3432 908 3484 443
927 3422 1016 3498 ἐμοὺς
1027 3422 1067 3502 μή
1081 3428 1175 3481 κτεῖνε
1188 3424 1308 3499 φονῆας,

181 3519 225 3577 ΧΙ
245 3520 300 3577 321
326 3514 392 3593 ἐμοὶ
414 3515 454 3595 μή
480 3517 592 3593 δάκρυα
619 3517 730 3596 λείβής,
755 3519 809 3577 XV
836 3527 891 3577 328
917 3520 986 3594 τεής
1007 3515 1047 3595 μή
1072 3516 1173 3594 φείδεο
1199 3516 1308 3594 νευρῆς,

181 3612 259 3684 XVI,
282 3619 336 3670 165
358 3607 432 3690 ἐμής
448 3609 488 3689 μή
508 3611 584 3689 dade
603 3612 761 3688 φαρέτρης,
781 3613 878 3670 XVIII
900 3619 935 3670 19
956 3609 1026 3687 ἐμὸν
1043 3609 1083 3690 μή
1103 3611 1187 3687 δῶμα
1207 3609 1309 3686 παρέλ-

182 3703 246 3783 dyc,
267 3704 379 3761 XXXV
394 3711 429 3763 51
450 3701 523 3780 ἐμοῦ
534 3703 573 3783 μή
589 3704 664 3782 φαῦε
680 3706 814 3783 χιτῶνος,
836 3706 902 3764 Par.
920 3702 948 3761 Υ
959 3708 995 3763 74
1014 3701 1093 3780 ε’μῶν
1111 3702 1150 3782 μή
1171 3702 1246 3780 ψαῦε
1264 3723 1309 3780 χι-

182 3797 305 3867 τώνων.)
345 3796 484 3854 Eiusdem
508 3797 603 3855 Nonni
630 3797 726 3868 gratia
756 3791 878 3874 ἐλέγξῃς
902 3812 988 3867 qnam
1017 3792 1151 3870 ἐλέγξαις
1181 3795 1308 3853 scribere

182 3891 291 3962 meIIm,
312 3895 345 3947 ut
365 3889 455 3946 verba
474 3905 550 3960 quae
571 3893 638 3947 sunt
658 3887 879 3967 καταισχύνειας
892 3896 922 3947 et
935 3886 1054 3967 ἐλέγξῃς
1067 3889 1151 3947 modo
1166 3888 1310 3959 differant,

183 3985 259 4043 sicut
278 3984 362 4042 Dion.
384 3983 409 4039 V
428 3990 484 4042 431
496 4000 537 4055 sq.
556 3980 595 4058 μή
613 4002 649 4039 σε
668 3980 879 4059 παραπλάγξειε
898 3981 969 4059 νύύή
990 3981 1039 4038 καλ
1059 3978 1179 4045 ἄπιστος
1200 3978 1309 4056 ύπωπή,
