3108 4662
614 367 826 428 ..73-

152 559 184 613 et
202 556 265 613 rell.
285 559 352 627 post
372 569 436 611 eum
452 551 527 623 edd,
549 547 664 629 ἀρωγήν
684 551 747 608 rell.
761 550 844 609 codd.
860 556 891 608 et
904 548 968 611 edd.
999 550 1096 622 Atque
1116 549 1237 628 ἀρωγάν
1250 553 1280 611 in

153 648 344 720 suspicionem
360 647 472 706 vocavit
485 644 597 704 Tiedke
611 646 640 701 in
654 645 762 702 Herma
775 644 844 702 XIII
863 662 891 717 p.
908 652 974 716 352,
995 646 1191 704 cumNonnus
1212 663 1281 719 oxy-

73 726 78 733 ’
153 742 229 800 tonis
250 743 336 799 trium
356 739 545 814 syllabarum,
571 740 600 796 in
620 739 787 796 trochaeum
807 738 979 796 exeuntibus
1006 755 1118 797 versum
1144 739 1280 798 claudere

151 851 209 892 non
229 835 267 892 sit
284 835 399 915 solitus
436 835 543 891 Verum
565 833 639 890 enim
660 848 728 890 vero
749 838 779 889 et
796 833 918 890 Paulum
938 833 1143 907 silentiarium,
1165 841 1195 892 et
1214 833 1279 890 Mu·

154 943 253 986 seeum
274 934 304 985 et
323 928 553 1001 Tryphiodorum
574 927 610 985 ab
630 927 715 984 huius
735 928 854 1000 regulae
874 928 1030 987 severitate
1050 928 1218 987 discessisse
1238 929 1280 986 lta

153 1011 285 1094 exposuit
294 1023 358 1094 ipse
369 1020 480 1079 Tiedke
491 1022 509 1078 l.
519 1022 548 1091 l.,
563 1025 595 1077 ut
607 1019 740 1079 Oollutho
754 1036 867 1092 quoque
881 1021 955 1079 hanc
969 1022 1115 1080 licentiam
1129 1023 1279 1094 ignoscere

151 1115 254 1172 merito
269 1115 419 1187 possimus.
432 1147 467 1156 -—
483 1113 539 1173 178
553 1110 587 1171 οὐ
601 1113 647 1169 σοι
660 1111 793 1191 άρηςΜ;
807 1113 878 1190 δορυ
889 1115 936 1186 Μ;
951 1133 994 1173 vv.
1008 1118 1159 1176 lla—182
1173 1118 1202 1173 in
1215 1116 1248 1174 M
1262 1132 1280 1173 a

152 1207 184 1264 M
196 1215 213 1266 3
234 1207 347 1265 exarati
366 1207 508 1278 ridentur,
530 1213 560 1265 et
579 1208 622 1264 ita
636 1207 760 1279 quidem,
781 1214 814 1265 ut
827 1207 916 1266 verba
930 1204 963 1264 οὐ
976 1206 1085 1285 φλόγες
1100 1215 1130 1266 et
1143 1207 1189 1265 οἷα
1203 1226 1236 1264 τε
1250 1208 1279 1266 iu

153 1300 275 1358 aliorum
288 1300 492 1359 vocabulorum
505 1316 609 1358 rasura
622 1300 732 1372 scripta
752 1301 817 1358 sint.
831 1335 867 1343 -
889 1299 946 1359 rie
968 1298 1001 1357 οδ
1020 1301 1130 1378 ρλογδς
1151 1303 1189 1374 Q3
1210 1298 1279 1378 ηφέ-

153 1413 232 1450 στοιο
255 1392 286 1467 0,
306 1390 456 1470 ἦφαίοτοιο
476 1394 577 1465 APQ3
598 1389 700 1468 ἄσθμα
713 1393 873 1466 LNPQS,
895 1392 995 1469 άαιλμα
1010 1394 1045 1466 03
1065 1389 1205 1472 ἠμύναντο
1225 1411 1278 1467 pro

147 1484 314 1563 Ἡφαίστοιο
335 1503 371 1545 ex
390 1489 488 1561 glossa
505 1488 617 1545 scilicet
636 1492 709 1558 orto,
731 1493 761 1545 et
776 1485 879 1566 λοχεώη
894 1490 967 1547 coni.
981 1489 1124 1548 Tournier
1138 1506 1166 1561 p.
1184 1495 1229 1547 26.
1244 1521 1275 1528 -
1366 1484 1370 1495 '

153 1577 214 1639 180
235 1597 353 1652 comma,
375 1581 451 1654 quod
465 1581 584 1653 Lennep
605 1586 721 1639 secutus
742 1596 760 1638 a
779 1580 924 1653 Belikero,
949 1582 1126 1654 Hermanno,
1146 1582 1278 1653 Lehrsio,

153 1675 329 1734 Schneidero
350 1675 438 1733 tacite
458 1682 525 1747 post
545 1668 709 1749 ἀνεμώλιος
729 1674 907 1744 traduxerat,
930 1675 1024 1734 Iulien
1044 1677 1186 1749 pristinae
1206 1675 1278 1747 sedi,

152 1773 219 1841 post
239 1765 376 1836 κυδιάεις,
397 1767 471 1825 male
486 1768 623 1833 restituit.
655 1767 700 1824 De
715 1784 758 1824 vv.
776 1769 926 1826 180487
940 1768 1014 1825 haee
1028 1768 1175 1826 Hermann
1189 1785 1217 1840 p.
1234 1775 1277 1827 16.

155 1864 204 1920 ri:
233 1860 402 1919 »Bekkerus
423 1862 507 1932 signa
527 1861 707 1919 exclamandi
726 1861 825 1934 posuIt
843 1867 910 1933 post
929 1857 1081 1939 Ἀτρυτώνη
1103 1865 1133 1918 et
1152 1865 1219 1933 post
1231 1858 1278 1917 πέ-

151 1953 240 2019 πλοις.
280 1956 326 2013 Ea
346 1955 421 2023 ratio
442 1955 466 2012 si
487 1970 555 2012 vera
576 1961 667 2024 esset,
693 1955 722 2010 in
743 1955 842 2025 quinto
862 1955 963 2012 horum
989 1970 1122 2012 versuum
1145 1955 1278 2027 [v.184]‚

153 2056 249 2106 mente
274 2048 464 2121 repetendum
490 2052 569 2106 esset
595 2045 731 2111 κυδιάεις.
777 2048 901 2104 Attum
927 2052 1006 2105 certe
1037 2052 1102 2120 post
1124 2044 1278 2124 Ἀτρυτώνη

153 2143 266 2215 signum
290 2142 362 2198 illud
388 2158 444 2200 non
469 2147 550 2199 recte
575 2144 741 2213 poneretur.
783 2139 931 2198 Deberent
956 2141 1031 2197 enlm
1052 2141 1214 2200 sententiae
1235 2143 1277 2200 ita

153 2235 323 2293 cohaerere:
349 2231 396 2289 οἷα
409 2230 546 2305 κυδιάεις,
567 2230 610 2289 ὅτι
625 2251 660 2289 σε
674 2231 765 2309 γάμος
784 2229 838 2290 οὐκ
858 2227 1002 2309 ἔσπειρεν·
1023 2230 1070 2289 οἷα
1083 2232 1125 2305 δέ,
1146 2230 1190 2290 ὅτι
1208 2233 1278 2312 χαλ-

153 2325 233 2391 κέοις
253 2325 349 2391 διιλυις
370 2321 503 2406 καλύπιη.
535 2325 593 2385 Sed
612 2342 649 2383 ne
669 2327 712 2384 sic
732 2326 848 2397 quidem
868 2327 965 2384 omnia
983 2332 1063 2384 reete
1077 2328 1277 2399 procederent.

153 2422 256 2492 Neque
271 2421 347 2477 enim
361 2424 430 2492 apte
451 2419 563 2478 adnexa
585 2427 682 2478 essent
701 2420 759 2491 iIla,
781 2418 830 2475 καλ
849 2417 967 2496 φεύγεις
986 2418 1135 2497 φιλότητα,
1156 2428 1186 2479 et
1206 2437 1280 2493 quae

154 2519 321 2585 sequuntur,
343 2530 417 2585 quae
438 2514 552 2571 omnino
573 2528 624 2570 cnr
644 2514 681 2571 ab
702 2514 791 2571 armis
811 2514 917 2585 potius,
940 2529 1025 2584 quam
1046 2513 1082 2571 ab
1097 2514 1210 2586 origine
1224 2515 1280 2573 Mi-

154 2623 261 2665 nervae
282 2607 462 2679 deriventur,
487 2624 543 2665 nou
565 2611 697 2679 apparet.
737 2605 817 2664 Nihil
841 2610 941 2677 posset
965 2605 1153 2678 reprehendi,
1181 2608 1206 2664 si
1225 2624 1278 2680 pro

153 2700 246 2759 altero
273 2698 320 2756 οἷα
346 2700 425 2758 aliud
450 2701 535 2771 quid,
560 2716 586 2757 v.
600 2715 631 2757 o.
654 2695 745 2774 ἀμφί,
770 2699 926 2770 legeretur.
968 2698 1025 2757 Sed
1052 2714 1137 2769 quum
1163 2701 1279 2759 minime

154 2799 320 2866 suspectum
341 2796 380 2852 sit
400 2792 461 2867 οἷα,
486 2794 611 2867 positum
633 2799 730 2851 autem
751 2810 808 2852 non
827 2795 920 2866 possit
944 2810 1001 2852 non
1022 2794 1060 2851 ad
1080 2795 1213 2866 superius
1233 2792 1279 2850 οἷα

154 2886 267 2962 referrI,
287 2889 330 2946 illi
351 2895 447 2948 autem
468 2889 545 2960 quod
565 2888 711 2946 adiectum
731 2893 776 2946 est
795 2885 831 2944 τέ
848 2903 904 2944 non
925 2888 999 2946 bene
1020 2889 1179 2961 conveniat,
1199 2894 1279 2946 recte

155 2983 225 3041 mihi
249 2983 349 3042 videor
369 2983 512 3054 iudicare,
533 2983 627 3041 alieno
648 2983 712 3040 loco
732 2982 873 3039 intrusum
894 2997 958 3040 esse
978 2982 1053 3039 huuc
1072 2998 1195 3040 versum.
1235 2982 1279 3040 Eo

152 3075 220 3137 hinc
240 3076 349 3134 reiecto
370 3080 438 3134 ante
458 3077 581 3149 primum
602 3091 699 3134 eorum
720 3092 792 3147 quos
813 3076 935 3148 apposui
956 3076 993 3145 [v.
1011 3078 1078 3148 180]
1100 3074 1173 3134 bene
1193 3075 1280 3134 habe·

153 3169 197 3228 bit
215 3171 304 3242 locus,
325 3171 368 3228 ita
387 3185 461 3228 nexa
481 3170 629 3228 oratione:

359 3313 405 3371 οἷα
424 3313 466 3386 δὲ,
486 3314 647 3392 χαλκείοισι
666 3311 851 3392 καλυψαμένη
869 3310 948 3390 χρόα
967 3310 1090 3384 πέπλοις,

358 3407 404 3466 οἷα
425 3405 460 3465 σὺ
480 3406 607 3472 κυδιάεις
626 3404 791 3478 ἀνεμώλιος,
809 3403 992 3483 Ἀτρυτώνηι.

155 3545 351 3604 Hermannum
372 3550 488 3603 secutus
514 3550 558 3602 est
577 3544 684 3613 Lehrs3
714 3544 803 3614 male,
829 3549 860 3601 ut
885 3547 968 3614 patet
993 3556 1029 3599 ex
1049 3539 1217 3599 Schneideri
1243 3539 1279 3597 de

154 3657 197 3696 vv.
221 3645 383 3698 lae-189
405 3638 615 3711 disputatione,
641 3651 715 3707 quae
735 3653 763 3707 p.
784 3642 849 3694 438.
870 3641 926 3694 439
952 3635 1072 3707 legitur:
1106 3634 1280 3704 »Postquam

155 3729 292 3791 Iunonem
315 3733 412 3790 Venus
433 3731 549 3802 derisit,
575 3729 681 3787 transit
700 3728 737 3786 ad
764 3727 952 3785 deridendam
972 3728 1148 3798 Minervam,
1174 3727 1203 3783 in
1224 3742 1279 3798 quo

155 3828 280 3885 transitu
299 3824 566 3899 patetdesiderari
590 3823 762 3896 particulam
781 3817 828 3892 δέ,
854 3826 886 3878 ut
905 3817 952 3877 οἷα
972 3817 1006 3876 δὲ
1031 3819 1214 3878 scribendum
1242 3820 1280 3877 sIt

155 3938 180 3981 ν.
202 3922 265 3980 lle.
294 3953 329 3962 -
358 3934 415 3992 qua
440 3924 536 3976 antem
562 3933 594 3974 re
620 3916 760 3989 glorietur
783 3920 862 3972 recte
893 3898 1008 3985 quid'em
1039 3914 1180 3971 intellexit
1207 3913 1280 3970 Her-

156 4030 292 4087 mannus,
317 4014 369 4072 sed
393 4017 473 4072 reate
493 4011 615 4070 iuvenile
636 4012 678 4068 uti
701 4009 800 4068 noluit.
831 4009 1022 4080 nequeenim
1047 4005 1174 4065 dubitari
1194 4022 1280 4078 posse
