3108 4662
571 367 782 429 ..91-

117 550 173 609 hoc
193 554 313 623 certum,
334 565 428 622 neque
447 550 599 624 Lounepii,
620 566 712 623 neque
732 550 860 609 Beklreri
880 551 1034 609 lectionem
1054 568 1153 610 sanam
1174 567 1238 610 esse

117 659 229 716 posse«
253 675 286 684 —
309 640 373 701 236
394 639 512 718 άοοιμὲν
525 644 572 717 Μ;
593 641 737 721 ὺπόδμητο
750 644 791 715 Μ,
812 635 967 705 alnidum
988 644 1013 703 G
1034 650 1064 702 et
1085 644 1130 703 ed.
1151 644 1241 718 Porti,
1288 700 1306 705 ,

7 730 9 743 ⁴
117 731 266 813 ἐπιλλμηται
281 737 319 809 Q?
340 734 506 812 φιλοξεινων
519 738 561 810 Μ,
582 734 757 814 φολοξείνων
771 737 804 808 S3
828 737 980 813 ναετείοων
995 738 1138 811 Psvw;
1159 734 1242 795 ἀναε-

118 848 213 906 τηρων
233 846 269 888 m.
290 847 334 902 pr.
355 830 385 888 in
407 831 445 902 Q,
470 847 507 888 m.
529 838 546 889 2
572 847 661 903 supra
686 850 739 906 τηρ
765 830 904 903 syllabam
930 828 985 887 κτό
1011 831 1139 905 addidit,
1164 832 1241 890 unde

116 922 219 995 Iulien,
242 924 291 995 qui
311 930 457 982 eaetermn
476 930 556 983 recte
577 923 649 982 vidit
669 921 830 1001 αἰπύδμητα
851 922 972 999 δώματα
991 921 1159 1000 φιλοξείνων
1180 943 1242 982 ναε-

117 1013 491 1092 τηρον111111161111116316
518 1033 603 1089 quam
629 1016 739 1088 regiam
759 1016 888 1075 Menelai
914 1017 1046 1085 domum,
1071 1014 1244 1093 φιλοξείνοιο

117 1104 251 1173 ἄνακτος
270 1108 363 1167 edidit
386 1109 527 1182 probante
550 1109 675 1169 censore
695 1108 946 1183 Heidelbergensi.
988 1110 1046 1169 Sed
1067 1116 1146 1169 recte
1167 1111 1240 1170 Her·

117 1216 203 1259 mann
230 1218 259 1274 p.
282 1209 330 1261 18:
358 1203 421 1260 »vel
441 1209 577 1261 accentus
602 1209 762 1262 monstrare
788 1202 927 1276 debebat,
953 1204 1125 1277 scripturam
1154 1220 1240 1277 quam

7 1304 8 1371 η
119 1310 208 1367 supra
233 1295 379 1368 posuisset
402 1297 432 1352 in
458 1295 557 1354 codice
583 1295 633 1354 illo
658 1295 794 1354 librarius
819 1314 876 1355 nou
902 1293 1029 1361 ἄνακτος
1052 1296 1156 1367 fuisse,
1188 1297 1240 1355 sed

117 1383 313 1464 ἀνακτόρων(
331 1420 365 1429 -
381 1385 443 1446 237
463 1386 584 1462 δωματα
597 1389 630 1446 Μ
636 1407 644 1460 ;
665 1407 794 1464 χειτονας
807 1390 853 1461 Μ;
874 1388 958 1465 νηοῦς
971 1389 1136 1461 ALNPQ,
1158 1389 1242 1465 νηοῦς

118 1485 148 1538 et
168 1476 252 1557 νηοὺς
271 1481 389 1539 iunctim
409 1480 460 1553 W,
482 1483 558 1558 νηοῖς
576 1481 618 1553 R3
639 1514 676 1524 -
698 1480 760 1540 238
782 1479 888 1548 ἄστεος
907 1483 954 1555 Μ;
980 1482 1144 1559 διεμετρεεν
1169 1479 1241 1540 ἔνθα

116 1575 164 1645 Μ;
191 1573 279 1654 αὐτῆς
304 1575 386 1635 codd.
412 1582 442 1634 et
467 1576 532 1636 edd.
558 1593 671 1650 omnes,
700 1582 780 1635 recte
805 1582 876 1650 puto
902 1577 938 1634 de
963 1577 1096 1635 Minerva
1123 1577 1240 1650 dictum,

117 1685 239 1741 quacum
260 1670 401 1742 negotioli
421 1670 531 1742 aliquid
545 1670 645 1728 Paridi
665 1669 769 1728 fuerat.
802 1670 955 1728 Caeterum
976 1668 1011 1728 ci.
1033 1669 1239 1729 Schneiderum

7 1818 8 1829 ,
116 1778 147 1834 p·
164 1769 229 1822 146.
246 1769 314 1821 1411
337 1762 443 1841 »αὐτῆς
462 1764 531 1835 quid
547 1763 602 1822 sibi
621 1764 691 1822 velit
710 1780 793 1822 nemo
814 1762 899 1822 facile
920 1763 1033 1834 dixerit,
1060 1779 1147 1835 quum
1166 1763 1239 1822 nibil

119 1854 279 1927 excogitari
303 1855 395 1927 possit
420 1856 496 1926 quod
516 1856 665 1914 Minervae
685 1862 857 1928 opponatur.
899 1854 1099 1926 corrigendum
1125 1855 1240 1913 videtur

7 1938 9 1993 ῗ
117 1945 222 2018 αὐτοῦ,
241 1948 308 2021 ibi,
330 1949 406 2021 quod
426 1955 492 2022 post·
512 1943 584 2006 ἔνθα
604 1950 690 2008 simili
707 1952 819 2009 ratione
839 1950 952 2007 illatum
974 1955 1019 2006 est
1039 1949 1140 2019 quain
1154 1948 1238 2006 Hom.

7 2082 9 2105 ;
117 2041 151 2099 11.
173 2049 224 2114 23,
245 2045 301 2102 ott
327 2043 435 2114 legitur
460 2041 618 2118 κηδόμενος
640 2040 676 2099 δέ
699 2042 728 2098 οί
751 2039 870 2100 ἐνθάδ’
897 2037 1020 2128 ἀολλέες
1041 2036 1125 2096 αὖθι
1142 2039 1240 2116 μενόν-

7 2138 9 2177 1
118 2154 184 2193 τιον.
215 2135 300 2194 Adde
321 2136 424 2206 Odyss.
447 2143 473 2208 5,
495 2136 613 2196 26611.
635 2144 661 2208 8,
682 2137 747 2196 267.
778 2136 881 2208 Hymn.
902 2136 987 2194 Hom.
1008 2136 1037 2191 in
1056 2134 1151 2206 Apoll.
1173 2136 1237 2192 373.

117 2227 461 2301 Ap011.Rh0u.4,2aa.‹
493 2229 551 2287 Sed
571 2223 644 2285 ἔνθα
660 2227 715 2304 μὲν
729 2225 817 2285 αὐτοῦ
834 2244 897 2286 cum
919 2227 1042 2287 eodem
1059 2228 1141 2300 ipso
1161 2228 1239 2286 loco

16 2402 19 2405 Ι
118 2320 275 2394 significet,
301 2323 368 2380 huic
391 2323 455 2381 loco
479 2339 581 2395 parum
607 2327 705 2394 aptum
731 2338 795 2380 esse
819 2322 941 2380 videtur.
981 2319 1079 2379 Etiam
1099 2321 1241 2379 Touruier

117 2432 145 2487 p.
169 2423 204 2473 31
225 2420 324 2473 tuetur
342 2415 494 2474 lectionem
514 2410 616 2492 αὐτῆς,
642 2430 705 2471 cum
725 2428 882 2486 pronomen
903 2408 991 2476 αὐτός
1011 2412 1132 2470 deorum
1152 2412 1240 2471 uomi-

117 2507 200 2566 nibus
227 2509 356 2567 additum
383 2510 498 2581 saepius
523 2509 695 2580 reperiatur.
736 2507 824 2566 Suum
853 2507 948 2565 tenuit
974 2506 1144 2577 Schneider,
1172 2522 1238 2564 rec.

116 2619 145 2674 p.
168 2608 231 2660 196.
254 2594 288 2643 ’-
311 2599 373 2659 239
393 2598 522 2679 χρύσεον
542 2599 625 2661 codd.
646 2605 676 2658 et
695 2600 760 2658 edd.
782 2615 896 2666 omueS,
922 2599 975 2656 sed
999 2598 1064 2657 vide
1085 2598 1239 2657 Schneide-

115 2710 180 2751 rum
199 2710 227 2765 p.
248 2699 303 2750 441
326 2693 376 2764 qui
399 2691 522 2752 fortasse
547 2697 627 2750 recte
649 2690 777 2770 χάλκεον
804 2692 943 2763 coniecit,
969 2691 1037 2762 quia
1065 2707 1168 2762 »quum
1194 2686 1239 2747 ἐν·

116 2784 243 2864 δαπίης
258 2782 376 2864 Ἀθήνης
396 2787 579 2845 simulacrum
604 2792 744 2844 memoret
765 2785 914 2844 Golluthus
934 2792 1068 2857 apertum
1089 2789 1149 2856 est,
1175 2801 1240 2842 eum

116 2895 256 2938 renovare
275 2881 402 2938 voluisse
421 2880 587 2939 memoriam
602 2880 752 2938 Minervae
774 2875 944 2956 Πολιούχου,
969 2894 1043 2950 quae
1063 2875 1240 2942 Χαλκίοικος

116 2973 205 3032 etiam
224 2973 391 3032 vocabatur.
422 2990 488 3032 nam
507 2980 540 3031 ut
559 2974 711 3047 templum,
739 2973 782 3032 ita
807 2974 918 3046 signum
945 2973 1006 3030 eius
1030 2970 1086 3030 iuit
1109 2969 1239 3049 χαλκοῦν

116 3064 165 3133 (of.
187 3067 311 3125 Pausan.
332 3067 371 3124 lll
387 3070 431 3138 17,
446 3069 485 3133 3).
522 3067 606 3127 Unde
627 3067 774 3125 suboritur
794 3066 919 3139 suspicio
940 3083 996 3125 non
1014 3062 1175 3142 χρύσεον
1196 3060 1240 3123 ἐν·

115 3157 218 3234 δαπίης
236 3157 398 3237 θηεύμενος
422 3156 500 3224 εἶδος
521 3157 632 3237 Ἀθήνης
657 3166 774 3233 poetam
800 3161 964 3232 scripsisse,
991 3158 1043 3216 sed
1066 3156 1239 3235 χάλκεον,

117 3252 259 3310 historica
278 3268 362 3310 usum
381 3252 518 3325 prolapsi,
538 3258 571 3310 ut
585 3253 679 3312 solent
699 3258 813 3325 poetae.
843 3269 908 3310 nam
927 3266 1029 3309 revera
1042 3257 1110 3323 post
1122 3251 1242 3309 heroica

116 3345 234 3404 domum
248 3350 379 3417 tempora
389 3331 611 3403 Lacedaemonii
625 3346 773 3405 Minervae
784 3346 921 3418 templum
936 3345 1107 3416 signumque
1122 3360 1158 3402 ex
1172 3359 1240 3402 aare

114 3438 255 3498 iecerunt.
287 3435 323 3494 cf.
345 3436 469 3495 Pausan.
489 3437 508 3493 l.
522 3438 541 3496 l.
563 3443 593 3497 et
614 3437 706 3497 Curtii
724 3439 913 3511 Peloponnes.
934 3436 963 3494 ΙΙ
982 3454 1010 3508 p.
1026 3438 1081 3495 227
1104 3443 1134 3496 et
1155 3444 1237 3497 313.«

115 3532 286 3592 Schneideri
306 3533 500 3596 coniecturam
513 3533 624 3591 meritis
638 3533 772 3592 laudibus
791 3533 904 3592 ornavit
917 3531 1059 3595 Tournier
1078 3549 1107 3603 p.
1123 3539 1168 3603 31,
1190 3531 1239 3604 qui

115 3632 215 3684 tamen
236 3624 319 3684 addit
339 3625 427 3683 etiam
446 3625 578 3684 Nonnum
599 3626 629 3682 in
649 3625 771 3684 Veneris
791 3628 894 3685 statuis
919 3625 1105 3698 designandis
1127 3641 1239 3683 errasse
1318 3642 1320 3645 ’

115 3724 147 3777 et
169 3719 256 3778 Dion.
276 3717 383 3777 XXXV
406 3720 460 3778 176
480 3717 587 3777 Veneri
611 3715 809 3797 κοροοοομένη
834 3720 879 3777 vel
899 3717 987 3795 Ἀρείᾳ
1013 3717 1087 3776 falso
1111 3715 1240 3795 χάλκεον

114 3808 194 3877 εἶδος
213 3812 359 3870 tribuisse.
381 3843 416 3853 —
437 3807 553 3886 ἐνδαπιη
572 3811 619 3882 Μ;
641 3808 798 3888 θηεομενος
813 3810 855 3879 Μ,
876 3809 1039 3889 θηοόμενος
1055 3811 1094 3882 G,
1117 3844 1150 3853 -
1174 3809 1239 3869 240

114 3903 188 3963 ενθα
211 3905 259 3977 Μ;
288 3925 306 3960 κ
345 3902 422 3982 η’νοιο
447 3906 493 3964 vel
517 3905 614 3977 potius
639 3902 795 3980 καρκύνοιο
821 3904 862 3963 Μ.
903 3905 1001 3964 Verba
1025 3903 1107 3982 φίλον
1133 3903 1240 3980 κτέρας

110 3994 285 4064 Ἀπόλλωνος
304 4018 383 4056 οκον
402 3995 573 4064 Ἀμυκλαίοιο
594 3999 698 4058 desunt
711 4000 741 4057 in
762 3998 845 4058 codd.
867 3997 940 4058 dett.
964 4005 994 4058 et
1013 4000 1043 4057 111
1064 3999 1130 4057 edd.
1151 3998 1239 4058 omni-

114 4090 178 4165 bus,
200 4099 319 4166 praeter
339 4092 495 4152 secundam
509 4092 623 4152 Lehrsii
643 4092 809 4164 editionem,
829 4098 863 4151 ut
881 4092 1006 4165 videtur,
1026 4107 1090 4150 cum
1110 4089 1239 4149 Bekkeri
