3122 4656
164 1053 461 1150 ΚΟΛΑθΥΘίλΥ
492 1052 703 1149 nomm
734 1053 1079 1150 ΛΥΚΟΠθΛΙΤΟΥ
1098 1054 1290 1149 ΑΡΠΑΓΗ
1387 1066 1390 1069 ’

557 1206 656 1302 ΤΗΣ
686 1207 894 1303 ΕΛΕΝΗΣ.
927 1251 932 1261 ·

318 1394 444 1479 Νύμφαι
470 1394 637 1478 Τρωϊάδες,
661 1396 801 1476 ποταμοῦ
823 1392 960 1478 Ξάνθοιο
983 1393 1124 1481 γενέθλη,

316 1503 348 1566 αἳ
370 1506 536 1588 πλοκάμων
559 1506 720 1590 κρήδεμνα
742 1506 791 1568 καί
812 1505 882 1588 ίερά
904 1504 1025 1585 παίγνια
1042 1507 1161 1592 χειρῶν

318 1615 445 1678 πολλάκι
468 1613 649 1701 πατρῴῃσιν
672 1613 720 1677 ἐπὶ
743 1613 918 1698 ψαμάθοισι
940 1615 1082 1679 λιποῦσαι

319 1724 353 1797 ἐς
361 1723 462 1812 γόμον
483 1723 633 1812 Ἰδαίῃσιν
656 1722 866 1790 ἐπεντύνεσθε
882 1725 1032 1813 χορείαις,

188 1912 189 1915 χ
264 1854 282 1905 5
317 1833 418 1914 δεῦτε,
443 1832 683 1919 θεμιστοπόλοιο
708 1836 849 1922 νοήματα
867 1836 1091 1924 μηλοβοτῆρος

318 1943 424 2010 εἴπατέ
443 1967 507 2029 μοι,
529 1944 715 2019 κελάδοντος
736 1945 950 2030 ἀπορνύμεναι
972 1951 1132 2031 ποταμοῖο,

317 2057 355 2129 ἐξ
375 2055 479 2141 ὀρέων
501 2053 601 2119 πόθεν
623 2052 721 2143 ήλθεν
742 2054 848 2142 ἀήθεα
871 2056 982 2119 πόντον
1005 2056 1154 2137 ἐλαύνων,

316 2167 493 2249 ἀγνώσσων
516 2167 590 2240 ἁλὸς
612 2162 707 2250 ἔργα;
729 2165 759 2230 τί
778 2167 815 2229 δὲ
831 2165 931 2256 χρέος
953 2164 1062 2232 ἔπλετο
1085 2172 1169 2254 νηῶν

318 2277 511 2364 ἀρχεκάκων,
532 2276 582 2340 ἵνα
604 2274 715 2340 πόντον
738 2277 816 2359 ύμοῦ
840 2278 889 2340 καὶ
910 2279 1002 2358 γαῖαν
1021 2277 1112 2366 ὀρίνῃ

252 2402 285 2456 10
318 2386 495 2470 βουκόλος·
516 2384 633 2473 ὠγυγίη
656 2386 692 2449 δὲ
715 2384 758 2462 τίς
784 2383 893 2451 ἔπλετο
916 2387 1033 2461 νείκεος
1053 2388 1147 2476 ἀρχή,

318 2496 407 2583 όφρα
429 2499 478 2561 καὶ
500 2496 685 2562 ἀθανάτοισι
706 2496 936 2581 θεμιστεύσωσι
959 2503 1087 2585 νομήες;

319 2606 362 2681 τίς
384 2607 421 2670 δὲ
443 2607 638 2692 δικασπολίη;
660 2606 760 2671 πόθεν
782 2606 887 2672 ἔκλυεν
909 2605 1027 2691 ούνομα
1050 2610 1173 2695 νύμφης

317 2715 465 2805 Ἀργείης;
488 2716 579 2781 αύταὶ
600 2717 662 2802 γὰρ
686 2716 873 2803 ἐθηήσασθε
892 2718 1047 2801 μολοῦσαι

318 2824 435 2913 Ἰδαίης
456 2827 642 2913 τρικάρηνον
665 2825 724 2891 ὑπὸ
748 2832 881 2915 πρηῶνα
904 2828 1079 2915 Φαλάκρης,

253 2954 285 3006 15
319 2936 369 3000 καὶ
391 2935 491 3022 Πάριν
514 2932 702 3002 οἰοπόλοισιν
725 2937 943 3023 ἐφεδριόωντα
966 2939 1109 3012 θοώκοις,

319 3049 367 3110 καί
390 3047 533 3132 Χαρίτων
553 3048 717 3130 βασίλειαν
743 3046 955 3133 ἀγαλλομένην
976 3047 1166 3134 Ἀφροδίτην.

355 3153 411 3230 Ὦς
432 3156 450 3216 θ
470 3157 529 3239 μὲν
551 3157 747 3242 ὑψιλόφοισιν
769 3156 803 3220 έν
825 3155 952 3242 ούρεσιν
975 3159 1146 3244 Αἱμονιήων

321 3266 493 3351 νυμφιδίων
513 3265 640 3354 Πηλῆος
662 3267 854 3350 ἀειδομένων
877 3267 1031 3348 ὑμεναίων

321 3376 424 3462 Ζηνὸς
446 3376 681 3463 ἐφημοσύνῃσιν
702 3376 851 3464 ἐῳνοχόει
873 3375 1080 3462 Γανυμήδης·

252 3504 288 3559 20
322 3491 409 3552 πᾶσα
431 3486 467 3549 δὲ
489 3486 676 3552 κυδαίνουσα
697 3486 789 3552 θεῶν
809 3485 944 3553 ἔσπευδε
966 3487 1098 3572 γενέθλη

320 3597 581 3684 αὐτοκασιγνήτην
602 3598 794 3662 λευκώλενον
815 3597 1022 3683 Ἀμφιτρίτης·

321 3707 403 3781 Ζεύς
412 3707 470 3791 μὲν
487 3706 543 3770 ἀπ’
561 3707 743 3791 Οὐλύμποιο,
758 3707 944 3771 Ποσειδάων
960 3709 997 3770 δὲ
1007 3706 1189 3792 θαλάσσης·

260 3826 266 3834 ‘
320 3816 414 3880 ἐκδὲ
436 3818 665 3905 Μελισσήεντος
687 3815 742 3881 ἀπ’
768 3817 906 3900 εύύδμου
926 3814 1084 3893 Ἑλικῶνος

322 3927 479 3991 Μουσάων
494 3927 669 4011 λιγύφωνον
691 3928 776 4009 ἄγων
793 3929 892 4016 χορὸν
910 3924 1007 4014 ήλθεν
1021 3926 1189 3991 Ἁπόλλων·

170 4053 225 4118 [39]
253 4054 288 4107 25
318 4036 479 4124 χρυσείοις
500 4035 532 4098 δ’
554 4035 708 4120 ἑκάτερθε
732 4037 952 4119 τινασσόμενος
974 4037 1157 4101 πλοκάμοισι
