3122 4656
691 369 905 432 „14-

234 622 486 719 ΥΠΟΘΠΘΙΣ
507 623 603 719 Toy
631 623 744 718 ΠΕΡΙ
772 621 871 717 ΤΗΣ
900 620 1096 716 ΠΛΕΝΠΣ
1125 621 1368 721 ΑΡΠΑΓΠΣ.

323 774 485 851 Πολοῦθος
494 774 703 862 Λυκοπολίτης
719 774 857 861 Θηβαῖος
871 772 1026 855 ἐποποιός,
1042 773 1180 856 γεγονὼς
1194 775 1273 837 κατὰ
1288 773 1370 840 Σοιί-

237 878 296 942 &av
318 878 367 942 ἐπὶ
388 877 587 943 Ἀναστασίου
608 876 768 961 βασιλέως
784 881 845 940 τῶν
856 872 1015 961 Ῥωμαίων
1027 875 1110 961 μετὰ
1125 874 1263 963 Ζήνωνα
1276 876 1370 957 βασι·

234 981 407 1054 λεύσαντος
430 982 490 1064 πρὸ
512 979 682 1044 Ἰουστίνου
706 983 760 1043 τοῦ
783 976 871 1042 θείου
893 976 1115 1043 Ἰουστινιανοῦ
1138 979 1192 1040 τοῦ
1216 978 1370 1058 αὐτοκρά-

237 1104 344 1170 τορος,
368 1080 460 1157 οὗτος
482 1079 604 1167 ἔγραψε
623 1082 734 1168 μέτρῳ
750 1082 915 1167 διάφορα·
944 1079 1146 1147 Παλυθωνικὰ
1173 1079 1208 1146 ἐν
1234 1081 1370 1165 βιβλίοις

237 1185 287 1266 ἕξ,
311 1184 458 1271 Περσικά,
482 1186 587 1249 καὶτὸ
611 1186 713 1268 παρὸν
736 1183 852 1272 ποίηρα
868 1181 990 1271 Ἑλένης
1007 1180 1169 1273 Ἆρπαγην,
1191 1181 1210 1246 θ
1234 1182 1269 1247 ἐκ
1290 1183 1370 1249 Λευ-

238 1292 340 1352 κανῶν
363 1291 416 1352 νῦν
439 1285 609 1376 ἀνεσώθη.
632 1285 756 1373 Γράφει
773 1290 827 1374 την
850 1287 946 1374 ἐντῷ
962 1291 1015 1352 τοῦ
1030 1287 1162 1375 Πηλέως
1177 1287 1226 1350 καὶ
1242 1284 1368 1362 θέτιθος

217 1391 331 1475 ,γάρῳ
360 1394 423 1452 τῶν
446 1386 531 1453 θεῶν
554 1391 750 1479 συναγωγήν,
772 1390 821 1453 καί
843 1387 996 1474 έρινπερί
1012 1393 1065 1454 τοῦ
1079 1389 1231 1464 κάλλους·
1255 1390 1369 1478 ηκαλὴ

236 1490 361 1574 λαβέτω
385 1491 419 1557 τὸ
440 1493 551 1579 μῆλον,
574 1492 622 1556 καὶ
644 1493 691 1556 ὅτι
714 1493 732 1555 ὁ
754 1492 837 1566 Ζεὺς
860 1490 1000 1577 ἔπεμψεν
1020 1491 1135 1582 Ἑρμῆν
1163 1494 1244 1577 πρὸς
1269 1492 1374 1577 Πάριν

237 1596 399 1677 κρινοῦντα
427 1593 483 1667 τὰς
511 1590 604 1673 θεάς,
640 1595 690 1657 καὶ
718 1593 864 1659 δώσοντα
892 1597 930 1680 τῇ
957 1594 1162 1683 εὐειδεστέρᾳ
1197 1597 1232 1660 τὸ
1259 1597 1369 1683 μῆλον.

240 1694 370 1759 Πολλῶν
393 1695 430 1758 δὲ
446 1695 546 1777 λόγων
570 1695 618 1758 καί
640 1695 841 1785 ὑποσχέσεων
868 1696 1045 1781 γενομένων
1067 1698 1085 1760 ὁ
1107 1696 1209 1783 Πάρις
1231 1696 1371 1761 δέδωκεν
1447 1726 1452 1741 ·

239 1794 403 1883 Ἀφροδίτη
419 1797 472 1860 ’τὸ
504 1799 605 1884 μῆλον
638 1798 688 1861 ἐπὶ
715 1798 883 1887 ὑποσχέσει
912 1799 1020 1881 λαβεῖν
1049 1801 1103 1887 την
1125 1797 1259 1888 Ἑλένην·
1281 1799 1299 1863 θ
1322 1799 1371 1862 καὶ

229 1898 360 1981 γέγονε.
403 1897 547 1973 Πλεύσας
568 1899 630 1984 γὰρ
654 1899 697 1973 εἷς
718 1898 869 1988 Σπάρτην
891 1901 940 1964 καί
960 1901 1015 1988 τὴν
1035 1893 1159 1989 Ἑλένην
1182 1900 1371 1975 καταπάσας

242 1999 400 2088 άνηγαγεν
424 2001 469 2076 εἰς
492 2003 547 2092 τὴν
563 1997 658 2066 Ἴλιον
681 2003 908 2067 καταλιποῦσαν
935 2003 984 2066 καί
1006 2002 1108 2087 ἄνδρα
1130 2006 1179 2068 καί
1200 2001 1374 2088 θυγατέρα,

238 2103 286 2166 καὶ
308 2104 403 2168 οἰκίαν
426 2107 474 2169 καὶ
497 2108 596 2169 πάντα
621 2107 659 2169 τὰ
684 2105 751 2170 ἐκεῖ
770 2104 864 2191 ἔρωτι
888 2109 941 2169 τοῦ
963 2105 1149 2190 βαρβάρου.

236 2225 443 2236 ——-—.

327 2273 470 2340 Habeni‘
479 2274 563 2339 hano
576 2274 676 2339 vitam
691 2274 714 2339 S
725 2272 751 2337 P
763 2276 791 2341 V
802 2272 853 2339 W.
884 2274 1023 2339 Titulum
1047 2274 1123 2340 dedi
1145 2297 1185 2341 ex
1200 2275 1258 2352 W;
1281 2274 1372 2340 deest
1504 2237 1507 2242 ¹

239 2358 352 2423 titulus
383 2359 417 2423 in
440 2359 468 2424 V
493 2365 526 2424 et
553 2359 651 2424 eiiam
681 2359 715 2423 in
742 2360 768 2424 P
796 2378 836 2424 ex
866 2380 930 2442 quo
959 2358 1067 2425 Julien
1096 2359 1177 2426 falso
1208 2359 1371 2425 Πολούθου

202 2448 206 2461 ’
236 2437 361 2528 Ἑλένης
390 2445 515 2529 ἁρπαγή
543 2443 663 2508 attulit.
708 2443 747 2507 In
769 2444 791 2507 S
813 2443 927 2508 titulus
955 2448 1005 2509 est
1034 2444 1183 2519 ὑπόθεσις
1213 2448 1267 2510 τοῦ
1301 2446 1371 2528 περὶ

239 2533 295 2615 τῆς
317 2532 462 2614 ἁρπαγῆς
485 2533 540 2615 τῆς
562 2523 696 2615 Ἑλένης,
734 2529 906 2594 Caeterum
927 2528 1008 2594 haec
1029 2529 1097 2595 vita
1117 2530 1233 2612 prioris
1256 2528 1371 2594 funde

220 2617 384 2678 'menium
402 2632 472 2677 esse
489 2612 568 2677 mihi
583 2612 718 2678 videtur.
752 2613 858 2678 Aliam
870 2613 1009 2679 Oolluthi
1026 2613 1252 2698 biographiam
1269 2613 1372 2679 conti·
1428 2634 1433 2639 ’

238 2717 315 2763 nere
327 2697 444 2763 dicitur
455 2697 524 2763 cod.
537 2696 639 2763 Palat.
654 2701 716 2764 914
726 2699 763 2762 in·
771 2697 990 2764 Bibliothecae
1002 2697 1179 2766 Vaticanae
1192 2698 1370 2781 Oatalogis;

239 2781 297 2847 sed
325 2782 426 2850 codex
458 2783 518 2848 iste
551 2803 635 2848 saec.
658 2780 688 2848 X
715 2783 794 2848 nihil
821 2784 883 2848 nisi
916 2783 1076 2872 διηγήσεις
1110 2789 1162 2849 τοῦ
1196 2785 1272 2868 βίου
1307 2789 1370 2848 τῶν

240 2868 335 2948 ἁγίων
369 2866 514 2951 πατέρων
548 2867 678 2933 exhibet
709 2868 793 2932 inter
825 2888 906 2950 quas
932 2867 986 2933 fol.
1011 2869 1241 2935 129b-135b
1270 2868 1371 2934 vitam

240 2952 374 3015 ἰωάννου
391 2955 445 3015 τοῦ
461 2952 668 3032 λυκοπολίτοο,
693 2953 750 3034 qui
772 2951 848 3018 olim
868 2952 953 3018 fabri
968 2955 1072 3019 artem
1088 2974 1239 3021 exercens
1254 2957 1370 3038 postea

239 3034 337 3100 vitam
358 3036 391 3100 in
413 3035 640 3102 solitudinibus
663 3036 759 3121 degit.
