3108 4662
725 371 933 430 ..72-

266 552 370 611 referri
390 555 519 627 putavit,
546 571 583 612 ne
603 555 657 613 hoc
678 555 793 627 quidem
816 552 887 614 satis
907 556 1017 629 placet,
1044 573 1107 615 cum
1132 563 1253 630 recepta
1271 557 1305 615 M
1324 557 1391 617 libri

223 690 227 697 .
265 647 391 706 lectione
405 648 493 720 plana
507 648 631 707 evadeat
645 649 802 707 sententia:
825 646 950 707 Gedite
969 666 1011 708 ex
1025 650 1124 709 bello
1137 651 1222 709 mihi
1240 651 1392 711 adsueto

267 740 350 811 (dicit
364 738 465 818 ἀγῶνα
478 740 542 818 περὶ
556 741 690 810 κάλλους,
711 747 857 800 caeterum
871 740 921 799 cfr.
937 742 1121 801 Homericum
1135 738 1220 799 εἴκειν
1238 740 1391 818 πολέμου

253 832 316 899 ,καὶ
335 833 496 913 δηϊοτῆτος)
517 835 641 894 cedite
661 835 829 894 victoria!
859 835 956 906 Atque
976 831 1121 912 σονήθεος
1138 835 1313 908 probaverat
1333 837 1389 894 iam

267 928 410 987 Tournier
428 948 457 1002 p.
475 937 519 1003 25,
541 930 591 1001 qui
610 936 706 987 tamen
727 923 868 1007 σονήθεος
887 945 943 986 non
964 928 1001 985 ad
1020 925 1163 1003 πολέμοιο,
1184 929 1236 987 sed
1256 930 1293 987 ad
1314 931 1392 1006 νίκης

267 1023 383 1094 retulit3
404 1021 470 1082 fort.
484 1030 574 1082 recte.
591 1056 624 1064 -
640 1021 737 1090 ειξατε
749 1022 791 1091 Μ,
812 1018 908 1089 εἴξατο
923 1027 990 1079 ante
1004 1038 1077 1080 corr.
1093 1022 1124 1091 d,
1145 1016 1234 1098 ήξατε
1248 1025 1286 1096 Q3
1306 1022 1393 1099 μίκης

266 1115 316 1188 Μ;
335 1149 362 1158 -
390 1116 445 1177 173
465 1119 513 1176 hio
527 1133 626 1176 versus
641 1117 707 1175 olim
727 1123 793 1189 post
812 1133 838 1174 v.
858 1118 911 1174 177
932 1117 1094 1188 legebatur,
1114 1123 1195 1175 recto
1214 1119 1393 1190 transposuit

271 1209 414 1268 Tournier
426 1230 455 1284 p.
470 1219 516 1284 25,
536 1210 718 1284 improbante
737 1210 807 1267 licet
825 1209 1001 1269 Schneidero
1021 1227 1088 1269 rec.
1109 1229 1137 1284 p.
1155 1219 1218 1271 195.
1238 1246 1272 1253 -
1295 1208 1320 1268 ὦ
1339 1230 1392 1285 pro

266 1304 363 1375 priore
374 1300 407 1360 od
417 1305 526 1363 habent
539 1308 582 1360 ba
595 1305 709 1374 Portus,
723 1303 848 1374 Ubelus3
860 1302 994 1378 βασιλεῖα
1004 1304 1050 1376 Μ;
1065 1325 1099 1361 ou
1110 1321 1162 1377 pro
1174 1303 1202 1361 el
1212 1306 1253 1376 Μ,
1268 1305 1345 1364 unde
1358 1301 1392 1362 od

265 1399 377 1469 recepit
391 1399 532 1458 Tournier
545 1416 573 1471 p.
589 1406 650 1471 25.;
670 1396 759 1474 πυρὸς
772 1398 818 1469 Μ;
839 1393 901 1454 ἐστὶ
914 1398 955 1470 M,
976 1393 1040 1454 ἐστι
1052 1398 1179 1471 Bellias,
1200 1403 1230 1457 et
1248 1399 1312 1457 rell.
1326 1405 1392 1471 post

267 1505 332 1547 eum
347 1490 422 1562 edd.‚
443 1486 508 1548 ἐσσὶ
522 1487 611 1562 (ἐσσι)
626 1492 688 1549 rell.
703 1491 787 1550 codd.
802 1496 833 1548 et
847 1490 921 1563 edd.‚
936 1489 991 1565 εἰμι
1006 1507 1041 1548 ex
1054 1491 1206 1549 Tournerii
1226 1493 1391 1551 coniectura

269 1586 309 1655 (p.
326 1587 375 1654 25)
396 1585 501 1657 recepi.
532 1583 583 1642 eir.
605 1585 752 1643 Hermann
772 1603 800 1658 p.
819 1592 866 1643 16:
901 1586 1000 1657 »Quae
1024 1585 1072 1643 hie
1096 1602 1153 1643 non
1178 1586 1323 1645 adiuvisse
1344 1587 1392 1644 Iu-

265 1691 369 1733 nonem
391 1676 496 1734 dicitur
516 1675 631 1735 σοικέων
649 1677 790 1752 βασίλεια,
812 1676 860 1734 καὶ
879 1677 905 1735 εἶ
916 1677 1007 1753 πυρὸς
1020 1674 1083 1736 ἔστι
1098 1679 1164 1754 [sic]
1186 1678 1293 1758 τιθήνη,
1315 1680 1391 1738 utin

234 1824 237 1829 .
267 1768 330 1827 cod.
351 1768 425 1827 Mut.
446 1786 498 1842 pro
520 1771 636 1843 vulgato
657 1767 721 1826 ἐσσὶ
742 1772 893 1844 scriptum,
917 1771 1071 1829 ridiculum
1097 1778 1187 1841 esset,
1214 1774 1239 1830 si
1260 1779 1311 1830 aut
1331 1773 1387 1831 Mi-

266 1878 357 1920 nerva
377 1868 469 1934 esset,
495 1869 529 1920 ut
547 1864 697 1937 Lennepio
717 1865 820 1922 visum:
847 1867 895 1936 qui
916 1867 991 1922 enim
1011 1867 1098 1938 baec,
1123 1867 1173 1924 ubi
1193 1867 1257 1939 ipsa
1277 1868 1391 1924 vincere

267 1955 393 2023 volebat,
413 1956 515 2015 lunoni
535 1950 718 2016 conciliasset
738 1956 907 2018 victoriam?
927 1963 978 2017 aut
999 1958 1082 2032 adeo,
1103 1959 1180 2030 quod
1194 1960 1308 2019 censori
1323 1959 1392 2017 Hei-

266 2049 448 2123 delbergensi
475 2052 504 2108 in
530 2059 656 2110 mentem
681 2053 775 2125 venit,
801 2054 904 2110 coniux
929 2053 1052 2110 Vulcani
1078 2053 1189 2112 Gratia.
1229 2053 1311 2126 Enyo
1337 2058 1391 2125 est,

265 2160 350 2215 quam
371 2143 442 2202 dicit
461 2150 557 2217 poeta,
578 2144 670 2203 lacem
691 2151 837 2217 gestans«.
868 2146 901 2202 In
914 2145 1058 2218 Lennepii
1078 2147 1269 2219 explicatione
1290 2147 1339 2218 qui
1361 2151 1391 2205 et

265 2237 328 2309 ipse
348 2238 468 2296 offendit
487 2239 588 2308 Iuben,
610 2240 795 2312 transpositis
816 2238 1004 2298 hemistichiis
1023 2240 1117 2297 locum
1132 2240 1174 2297 sie
1188 2238 1388 2299 conformavit:

419 2361 452 2422 οὐ
472 2364 588 2424 σακέων
606 2365 747 2441 βασίλεια,
770 2367 818 2424 καὶ
837 2367 865 2425 εἰ
882 2367 945 2443 δορὶ
961 2368 1092 2444 μαίνεται
1106 2363 1199 2446 Ἄρης,

419 2452 453 2514 οὔ
473 2478 520 2515 σοι
532 2453 617 2538 ’Ἄρης
636 2457 762 2536 ἐπάρηξε
782 2460 830 2516 καὶ
849 2460 877 2518 εἰ
894 2460 984 2537 πυρὸς
999 2460 1070 2536 Ιἐσσὶ
1090 2459 1198 2541 τιθήνη,
1220 2464 1275 2521 etc.

266 2584 342 2655 quod
363 2586 465 2643 vertit:
499 2587 590 2659 »Nom
611 2594 758 2646 scutorum
778 2589 892 2659 regina!
922 2589 992 2646 licet
1011 2590 1096 2647 hasta
1115 2588 1194 2648 furat
1213 2590 1308 2659 Mars,
1335 2608 1392 2651 non

265 2677 345 2737 Mars
372 2684 402 2738 te
428 2680 553 2752 adiuvit3
584 2682 654 2739 licet
678 2681 753 2754 ignis
778 2684 818 2739 sis
843 2683 954 2755 nutrix,
979 2699 1036 2741 non
1060 2681 1193 2741 flammae
1219 2684 1340 2742 Vulcani
1362 2690 1393 2743 te

266 2771 412 2846 adiuvere,
433 2775 503 2833 licet
522 2773 655 2833 flammae
676 2776 808 2848 spiritum
829 2778 860 2846 (i.
876 2792 901 2834 e.
921 2778 1040 2849 ignem
1061 2777 1265 2849 ardentem)
1286 2779 1393 2851 produ·

265 2871 340 2923 catl.
370 2868 411 2925 Et
430 2868 564 2927 similiter
584 2885 638 2941 ego
658 2869 721 2942 ipse
741 2870 895 2928 lectionem
915 2871 984 2929 olim
998 2872 1143 2941 constitui,
1163 2872 1220 2930 nisi
1239 2872 1316 2944 quod
1336 2889 1390 2945 pro

266 2961 382 3016 σακέων
400 2959 543 3034 βασίλεια,
565 2962 641 3033 quod
662 2979 746 3035 qnam
767 2978 869 3035 parum
890 2970 958 3036 apte
979 2963 1015 3022 de
1030 2965 1137 3024 lunone
1159 2965 1273 3023 dictum·
1286 2966 1333 3034 sit,
1356 2983 1392 3024 ex

266 3070 290 3110 v.
314 3060 377 3112 150.
406 3061 458 3112 151
481 3061 617 3128 apparet,
644 3072 679 3113 ex
703 3074 728 3113 v.
752 3063 804 3115 161
832 3053 984 3134 σκήπτρων
1007 3056 1142 3131 βασίλειοι
1167 3060 1291 3118 restitui.
1334 3058 1391 3118 Sed

266 3161 341 3203 nunc
364 3151 447 3205 tanto
467 3149 613 3206 molimine
633 3165 689 3207 non
711 3164 775 3207 esse
796 3166 868 3222 opus
887 3154 979 3221 ratus,
999 3151 1152 3209 Tournerii
1172 3153 1325 3212 lectionem
1345 3168 1389 3210 se-

266 3247 349 3298 cutus
370 3256 441 3311 sum,
462 3256 556 3313 neque
578 3243 653 3300 enim
673 3247 767 3300 mater
780 3244 903 3304 Vulcani
923 3247 974 3300 aut
992 3245 1090 3301 nutrix
1110 3251 1173 3304 erat
1185 3246 1277 3319 Enyo,
1298 3262 1391 3318 neque

265 3349 381 3393 causam
401 3333 536 3408 habebat,
556 3352 608 3393 cur
621 3336 756 3395 Iunonem
778 3337 937 3395 adiuvaret.
969 3333 1101 3411 Denique
1121 3340 1201 3398 nulla
1221 3340 1308 3398 debet
1326 3357 1391 3399 esse

264 3428 319 3486 hoc
332 3428 394 3487 loco
407 3428 507 3500 Enyus
520 3430 636 3500 mentio,
658 3445 721 3486 cum
736 3435 765 3488 et
779 3435 846 3489 ante
860 3430 936 3488 hune
950 3446 1073 3504 versum,
1093 3432 1123 3489 in
1138 3448 1194 3504 qua
1215 3433 1284 3491 sede
1305 3434 1390 3506 vulgo

266 3521 420 3593 edebatur,
441 3526 557 3593 etpost
577 3539 642 3580 eum
661 3539 718 3581 non
738 3524 794 3580 nisi
814 3524 931 3582 Iunonis
951 3522 1026 3583 filiae
1046 3523 1155 3595 filiique
1176 3527 1391 3585 commemorati

265 3616 331 3672 sint.
353 3648 385 3656 —-
408 3612 466 3673 174
487 3614 602 3691 αηλοιΐην
621 3616 667 3685 Μ,
689 3612 787 3694 ἀηοιΐην
806 3634 842 3675 m.
863 3634 906 3690 pr.
927 3619 956 3675 in
970 3619 1008 3690 P;
1028 3615 1144 3694 ἐφίλισα
1164 3639 1213 3675 και
1233 3619 1334 3697 αγλοιῑη
1351 3639 1389 3696 με
1418 3624 1421 3627 ’

265 3705 365 3763 διωκει
384 3708 431 3780 Μ;
461 3708 534 3768 bene
561 3709 694 3768 adhunc
718 3726 831 3768 versum
851 3712 958 3770 Tibulli
972 3713 1024 3781 (IV
1038 3719 1064 3770 2.
1080 3716 1119 3782 8.)
1140 3712 1391 3785 subsequitur-

266 3818 332 3873 que
353 3801 460 3860 decor
479 3802 591 3862 confert
611 3803 741 3863 Graefius
761 3822 790 3877 p.
805 3812 870 3865 246.
891 3837 929 3846 -
950 3803 1008 3863 175
1028 3824 1101 3881 φασι
1114 3824 1149 3863 σε
1162 3805 1203 3877 Μ,
1218 3810 1338 3882 φασίμε
1352 3807 1390 3879 Q3

262 3893 356 3973 μήτηρ
370 3895 501 3969 AdLQ3
516 3895 598 3973 ὄριος
611 3898 683 3970 AQ3
698 3897 875 3955 οποδινεσσιν
887 3898 928 3964 Μ,
944 3896 1120 3956 ὑποδίνεσσιν
1135 3900 1173 3971 Q;
1188 3895 1281 3967 ἀεξειν
1295 3901 1341 3972 Μ;
1356 3932 1388 3944 -

267 3987 325 4048 176
346 3988 480 4067 ηϋκόμων
497 4011 626 4069 χοριτων
640 3993 686 4065 Μ;
709 3990 785 4069 ιερὺν
797 3992 830 4050 Μ
843 3999 910 4065 post
924 4010 997 4053 corr.
1013 4010 1048 4052 ex
1063 3994 1162 4070 ιερῶν;
1177 4028 1212 4036 -2
1234 3993 1289 4053 177
1309 3993 1391 4072 ηρνή·

265 4102 355 4141 σαντο
364 4083 406 4156 Μ,
420 4080 613 4163 ἀνηρνήσοιντο
625 4086 663 4158 Q?
677 4106 712 4143 οο
722 4086 769 4157 Μ;
784 4087 922 4163 εορεςΜ,
937 4082 1022 4164 εὗρες
1031 4089 1072 4160 Ν;
1086 4082 1206 4164 ἀρωγόν
1217 4089 1259 4161 Μ,
1274 4087 1390 4146 Bekker
