3122 4656
690 306 954 370 ·-66-

287 492 492 555 Schneiderum
518 498 636 552 secutus
660 508 737 565 snm,
760 491 816 549 nisi
840 490 917 563 quod
942 507 1006 550 cum
1033 490 1158 550 Lehrsio
1185 485 1239 548 οὐκ
1264 506 1317 564 pro
1343 486 1412 547 οὐδ’

286 620 420 694 praecum.
441 652 479 661 -
499 618 541 678 64
561 617 661 676 auae
685 616 819 695 νειμανο
838 618 885 689 16
906 615 968 674 οτι
987 617 1033 687 m,
1053 649 1090 659 -
1111 614 1151 674 66
1172 581 1253 674 aa}
1270 617 1304 674 m
1324 621 1411 689 (corr.

286 712 320 770 Μ
335 718 363 784 2)
385 706 470 789 ἔχϊος
482 712 524 771 Μ.
543 717 629 784 (corr.
642 713 675 771 M
691 716 734 784 1);
754 708 860 787 δεσμὸν
874 707 993 787 ἐρώτων
1013 709 1079 769 add.
1099 707 1132 766 Μ
1146 717 1163 768 3
1185 711 1215 768 in
1234 710 1275 768 M.
1290 710 1411 770 —Post

287 807 364 866 huno
382 823 497 867 uersum
510 805 628 880 Lennep
649 805 789 865 excidisse
810 804 951 876 quaedam
969 804 1130 875 suspicatus
1147 807 1201 875 est,
1228 804 1326 861 »cuim
1346 804 1412 862 loeo

287 905 423 958 eestnm
447 901 556 960 habere
582 906 612 958 et
636 898 759 958 stimulis
784 898 888 956 amoris
913 913 945 954 66
976 895 1105 954 homines
1135 897 1249 968 agitare
1278 894 1413 953 adfirmat

286 992 393 1051 Venus.
435 993 479 1053 Eo
504 1010 555 1053 nos
576 993 682 1051 ducere
701 993 816 1050 videtur
834 991 977 1065 particula
993 987 1048 1065 μὲν
1072 1006 1158 1048 versu
1180 997 1226 1062 92,
1253 1005 1337 1060 quam
1362 988 1410 1046 hio

286 1086 415 1159 omnino,
436 1092 470 1145 ut
489 1088 598 1160 opinor,
618 1087 750 1146 comitari
768 1085 857 1143 debet
876 1083 917 1140 δέ.
948 1084 1031 1156 Quod
1053 1084 1078 1141 si
1098 1101 1207 1156 verum,
1229 1083 1276 1141 vix
1296 1083 1408 1156 dubito,

287 1179 356 1250 quin
375 1179 459 1237 simul
479 1180 518 1237 sit
530 1179 684 1250 legendnm
694 1177 853 1254 μελίφρονα
871 1174 979 1252 θεσμὸν
992 1173 1113 1253 ἐρώτων
1127 1193 1213 1236 versu
1227 1185 1272 1236 93.
1301 1177 1343 1236 Ut
1357 1194 1411 1236 au·

286 1278 345 1330 tem
368 1273 458 1331 robur
484 1272 605 1331 accedat
630 1272 812 1331 coniecturae
837 1270 1039 1343 praecedenti,
1070 1271 1174 1329 addam
1199 1271 1294 1330 locum
1320 1273 1408 1344 plane

286 1366 429 1437 geminum
453 1381 488 1424 ex
509 1371 607 1424 nostro
627 1370 829 1438 6611166161
1374 1367 1377 1374 “

491 1490 553 1548 ἀντλ
569 1488 624 1565 μὲν
643 1487 764 1569 ἠνορέης
782 1486 887 1568 ἐρατὴν
907 1488 1073 1567 παράκοιτιν
1093 1488 1215 1548 ὀπάσσω

494 1582 555 1642 ἀντὶ
573 1581 609 1641 δὲ
630 1583 773 1662 κοιρανίης
786 1581 901 1662 Ἑλένης
920 1579 1055 1661 ἐπιβήσεο
1077 1583 1233 1661 λέκτρων.ι

287 1712 430 1785 Lennapii
458 1710 567 1789 θεσμόν
592 1711 726 1785 probavit
745 1712 891 1770 Hermann
917 1729 945 1784 p.
967 1719 1017 1782 13,
1045 1713 1091 1771 661
1118 1713 1205 1769 etiam
1231 1712 1267 1770 de
1286 1713 1411 1771 lacunae

288 1806 451 1879 suspicione
471 1805 619 1878 persuasit
640 1804 768 1877 Lennep,
791 1806 979 1878 »praesertim
998 1805 1131 1864 Nonnum
1144 1805 1255 1863 XXXV
1277 1814 1331 1865 168
1346 1823 1410 1866 com

286 1901 417 1975 paranti:

847 1992 1009 2069 ἀπτόλεμος
1030 1992 1084 2069 γὰρ

436 2085 548 2165 ,Κύπρις
567 2084 710 2164 ἀριστεύει
729 2086 813 2144 πλέον
825 2081 933 2162 Ἄρεος,
954 2083 1022 2143 οὐδὲ
1040 2084 1152 2163 χατιῖει

440 2180 569 2252 ἀσπίδος,
589 2178 622 2238 οὐ
639 2179 739 2258 μελίης
758 2177 828 2237 ποτὲ
847 2176 973 2236 δεύεται·
995 2177 1161 2255 ἀμφότερον
1182 2175 1246 2253 γάρ,

441 2267 532 2351 ἔγχος
551 2270 620 2348 ἐμὸν
638 2271 707 2330 πέλε
726 2271 841 2345 κάλλος,
861 2267 929 2348 ἐμὸν
949 2271 1032 2347 ξίφος
1052 2267 1154 2328 ἔπλετο
1172 2268 1281 2347 μορφή,

441 2364 490 2422 καὶ
506 2363 664 2442 βλεφάρων
685 2365 800 2431 ἀκτῖνες
819 2362 883 2442 ἐμοὶ
904 2363 1038 2441 γεγάασιν
1058 2362 1154 2422 ὀϊστοί
1156 2382 1162 2396 ·

436 2455 532 2533 μάζας
551 2457 693 2525 ἀκοντίζει
712 2457 796 2516 πλέον
815 2453 946 2536 ἔγγεος.«

288 2584 407 2664 θεσμόν,
428 2591 504 2660 6666
523 2591 610 2650 etiam
623 2591 715 2649 Lehrs
733 2591 855 2663 recepit,
874 2590 1020 2648 Julianum
1039 2594 1154 2647 secutus
1174 2588 1272 2661 reieci,
1291 2589 1361 2649 licet
1380 2594 1411 2647 et

288 2680 369 2754 apud
381 2681 533 2742 Musaeum
554 2687 592 2754 (v.
609 2687 675 2752 141)
697 2690 727 2742 61
743 2684 821 2758 apud
833 2684 965 2742 Nonnum
985 2685 1032 2756 41,
1053 2685 1108 2742 116
1126 2681 1286 2760 μελίφρονα
1299 2678 1409 2756 θεσμὸν

285 2768 409 2850 ἐρώτων
430 2774 493 2845 (cir.
513 2776 598 2835 Dion.
620 2783 647 2848 6,
662 2782 708 2835 96.
730 2783 774 2849 16,
789 2780 858 2847 242)
878 2777 1006 2848 legatum
1027 2776 1104 2850 apud
1119 2774 1172 2836 hos
1186 2782 1320 2835 auctores
1334 2776 1409 2833 enim

289 2868 396 2927 amoris
408 2869 554 2940 mysteria
571 2867 714 2940 significat
732 2867 850 2945 ,θεσμὸς
869 2866 1004 2946 ἐρώτων,
1030 2876 1060 2928 61
1084 2886 1238 2942 numquam
1262 2887 1316 2943 pro
1337 2873 1409 2940 cesti

289 2961 474 3032 appositione
491 2969 667 3036 usurpatur,
691 2962 768 3034 quod
790 2969 820 3022 et
843 2964 898 3024 hoc
918 2964 1044 3023 Colluthi
1067 2964 1131 3024 loco
1158 2969 1188 3021 et
1213 2962 1408 3021 1111166161

288 3050 400 3111 iactum
421 3061 507 3114 66661.
528 3088 564 3097 -
585 3054 627 3114 96
652 3056 733 3130 prius
763 3055 812 3113 καλ
841 3073 897 3116 om.
918 3057 949 3116 O.
970 3057 1105 3116 Graviter
1130 3057 1226 3115 iudice
1245 3056 1409 3114 Hermanno

280 3149 331 3219 tp.
347 3150 396 3220 14)
419 3155 571 3221 corruptus
592 3156 637 3208 661
649 3148 697 3208 hic
708 3167 808 3209 versus
831 3152 877 3209 ain
896 3166 953 3222 666
973 3150 998 3209 61
1018 3147 1079 3207 ἀντὶ
1098 3148 1203 3229 αἰχμῆς
1222 3146 1327 3206 κεστὸν
1346 3141 1409 3225 ἔχω

287 3240 491 3315 coniungenda
516 3248 596 3316 sunt,
622 3244 686 3315 6616
710 3261 768 3304 666
793 3244 873 3305 videt
898 3245 996 3317 inepte
1021 3243 1109 3302 adiici
1135 3241 1184 3300 καλ
1205 3237 1324 3318 κέντρον
1346 3235 1409 3319 ἔχον

284 3332 337 3391 ’καλ
355 3331 440 3403 τόξον
466 3334 644 3412 6616611616
670 3338 776 3396 excidit
800 3336 909 3409 aliquid
933 3341 1001 3395 ante
1027 3333 1131 3393 κεστὸν
1159 3330 1240 3413 ἔγω,
1269 3335 1332 3406 6616
1352 3351 1409 3394 non

288 3428 383 3500 potius
404 3427 464 3487 'teli
490 3444 595 3501 genus,
619 3430 706 3488 utin
731 3431 845 3502 reliqua
869 3434 953 3503 parte
983 3445 1098 3501 versus,
1128 3427 1407 3489 commemorandum

288 3515 376 3577 fuisse
394 3520 562 3594 intelligat?
590 3520 631 3579 Et
649 3528 755 3593 166166,
776 3522 833 3580 nisi
850 3521 950 3595 failor,
970 3523 1066 3581 omnia
1085 3521 1199 3581 sincera
1218 3527 1302 3592 sunt,
1322 3519 1408 3580 modo

287 3617 368 3671 16616
387 3612 643 3687 intorpungantur:
849 3612 910 3672 ἀντὶ
926 3613 980 3692 μὲν
1000 3615 1113 3694 αἰχμῆς,

442 3702 485 3772 ὡς
505 3705 576 3765 θοὸν
596 3699 686 3786 ἔγχος
705 3702 816 3786 ἔχουσα
832 3706 991 3785 μελίφρονα
1011 3705 1120 3785 θεσμὸν
1139 3704 1270 3784 ἐρώτων,

440 3796 544 3858 κεστὸν
564 3793 642 3878 ἔχον·
664 3798 712 3857 καλ
733 3799 851 3878 κέντρον
871 3797 935 3878 άγιο
955 3799 1004 3858 καὶ
1023 3798 1106 3870 τόξον
1126 3799 1217 3878 ‹ieme›

441 3891 556 3951 κεστόν.

283 4008 346 4080 ¹Pro
359 4020 487 4094 cuspide,
507 4022 611 4094 inquit,
630 4023 784 4097 cingulum,
803 4023 906 4085 hastae
918 4025 1010 4085 instar
1022 4024 1143 4086 foedera
1159 4027 1266 4085 amoris
1290 4025 1411 4095 habens,

1540 4432 1544 4609 1
