<?xml version="1.0" encoding="UTF-8"?>
<!DOCTYPE html PUBLIC "-//W3C//DTD XHTML 1.0 Transitional//EN"
    "http://www.w3.org/TR/xhtml1/DTD/xhtml1-transitional.dtd">
<html xmlns="http://www.w3.org/1999/xhtml" xml:lang="en" lang="en">
 <head>
  <title>
</title>
<meta http-equiv="Content-Type" content="text/html;charset=utf-8" />
  <meta name='ocr-system' content='tesseract 3.04.00' />
  <meta name='ocr-capabilities' content='ocr_page ocr_carea ocr_par ocr_line ocrx_word'/>
</head>
<body>
  <div class='ocr_page' id='page_1' title='image "./colluthilycopol00abelgoog_0058.png"; bbox 0 0 3122 4656; ppageno 0'>
   <div class='ocr_carea' id='block_1_1' title="bbox 599 332 811 395">
    <p class='ocr_par' dir='ltr' id='par_1_1' title="bbox 599 332 811 395">
     <span class='ocr_line' id='line_1_1' title="bbox 599 332 811 395; baseline 0.009 -17"><span class='ocrx_word' id='word_1_1' title='bbox 599 332 811 395; x_wconf 82' lang='lat'>-53..</span> 
     </span>
    </p>
   </div>
   <div class='ocr_carea' id='block_1_2' title="bbox 118 513 1272 4133">
    <p class='ocr_par' dir='ltr' id='par_1_2' title="bbox 118 513 1272 4133">
     <span class='ocr_line' id='line_1_2' title="bbox 140 513 1269 590; baseline -0.003 -12"><span class='ocrx_word' id='word_1_2' title='bbox 140 524 242 578; x_wconf 83' lang='lat' dir='ltr'>teneo:</span> <span class='ocrx_word' id='word_1_3' title='bbox 263 522 294 577; x_wconf 86' lang='lat' dir='ltr'>et</span> <span class='ocrx_word' id='word_1_4' title='bbox 313 518 456 590; x_wconf 88' lang='lat' dir='ltr'>spiculum</span> <span class='ocrx_word' id='word_1_5' title='bbox 476 518 556 590; x_wconf 89' lang='lat' dir='ltr'>agito</span> <span class='ocrx_word' id='word_1_6' title='bbox 577 532 733 588; x_wconf 90' lang='lat' dir='ltr'>arcumque</span> <span class='ocrx_word' id='word_1_7' title='bbox 752 516 823 576; x_wconf 93' lang='lat' dir='ltr'>tollo</span> <span class='ocrx_word' id='word_1_8' title='bbox 843 515 1001 588; x_wconf 74' lang='lat' dir='ltr'>cingulum.</span> <span class='ocrx_word' id='word_1_9' title='bbox 1044 513 1093 574; x_wconf 86' lang='lat' dir='ltr'>Sic</span> <span class='ocrx_word' id='word_1_10' title='bbox 1112 519 1194 588; x_wconf 84' lang='lat' dir='ltr'>patet</span> <span class='ocrx_word' id='word_1_11' title='bbox 1212 532 1269 577; x_wconf 91' lang='lat' dir='ltr'>non</span> 
     </span>
     <span class='ocr_line' id='line_1_3' title="bbox 140 608 1271 685; baseline -0.004 -13"><span class='ocrx_word' id='word_1_12' title='bbox 140 629 215 685; x_wconf 90' lang='lat' dir='ltr'>opus</span> <span class='ocrx_word' id='word_1_13' title='bbox 242 627 307 670; x_wconf 86' lang='lat' dir='ltr'>esse</span> <span class='ocrx_word' id='word_1_14' title='bbox 331 616 365 668; x_wconf 90' lang='lat' dir='ltr'>ut</span> <span class='ocrx_word' id='word_1_15' title='bbox 392 608 446 685; x_wconf 75' lang='grc' dir='ltr'>μὲν</span> <span class='ocrx_word' id='word_1_16' title='bbox 474 610 582 668; x_wconf 87' lang='lat' dir='ltr'>habeat</span> <span class='ocrx_word' id='word_1_17' title='bbox 611 610 785 682; x_wconf 79' lang='lat' dir='ltr'>particulam</span> <span class='ocrx_word' id='word_1_18' title='bbox 809 610 1040 683; x_wconf 79' lang='lat' dir='ltr'><strong>respondentem.</strong></span> <span class='ocrx_word' id='word_1_19' title='bbox 1086 609 1152 668; x_wconf 85' lang='lat' dir='ltr'>Nou</span> <span class='ocrx_word' id='word_1_20' title='bbox 1175 609 1271 682; x_wconf 91' lang='lat' dir='ltr'>potnit</span> 
     </span>
     <span class='ocr_line' id='line_1_4' title="bbox 143 699 1271 775; baseline 0.001 -12"><span class='ocrx_word' id='word_1_21' title='bbox 143 705 218 763; x_wconf 91' lang='lat' dir='ltr'>enim</span> <span class='ocrx_word' id='word_1_22' title='bbox 238 703 339 763; x_wconf 88' lang='lat' dir='ltr'>inferri</span> <span class='ocrx_word' id='word_1_23' title='bbox 361 702 403 773; x_wconf 84' lang='grc' dir='ltr'>δέ,</span> <span class='ocrx_word' id='word_1_24' title='bbox 425 705 468 762; x_wconf 91' lang='lat' dir='ltr'>sic</span> <span class='ocrx_word' id='word_1_25' title='bbox 488 702 666 762; x_wconf 84' lang='lat' dir='ltr'>conformata</span> <span class='ocrx_word' id='word_1_26' title='bbox 679 705 826 763; x_wconf 87' lang='lat' dir='ltr'>oratioue:</span> <span class='ocrx_word' id='word_1_27' title='bbox 840 702 893 762; x_wconf 92' lang='lat' dir='ltr'>sed</span> <span class='ocrx_word' id='word_1_28' title='bbox 906 702 1028 761; x_wconf 83' lang='lat' dir='ltr'><strong>deberet</strong></span> <span class='ocrx_word' id='word_1_29' title='bbox 1040 699 1140 760; x_wconf 87' lang='lat' dir='ltr'>inferri</span> <span class='ocrx_word' id='word_1_30' title='bbox 1159 702 1184 759; x_wconf 90' lang='lat' dir='ltr'>si</span> <span class='ocrx_word' id='word_1_31' title='bbox 1203 719 1271 775; x_wconf 89' lang='lat' dir='ltr'>pro·</span> 
     </span>
     <span class='ocr_line' id='line_1_5' title="bbox 140 790 1271 875; baseline -0.004 -20"><span class='ocrx_word' id='word_1_32' title='bbox 140 797 261 855; x_wconf 86' lang='lat' dir='ltr'>cederet</span> <span class='ocrx_word' id='word_1_33' title='bbox 274 797 447 869; x_wconf 80' lang='lat' dir='ltr'>compositio</span> <span class='ocrx_word' id='word_1_34' title='bbox 462 796 614 855; x_wconf 86' lang='lat' dir='ltr'>verborum</span> <span class='ocrx_word' id='word_1_35' title='bbox 635 797 687 869; x_wconf 91' lang='lat' dir='ltr'>ita,</span> <span class='ocrx_word' id='word_1_36' title='bbox 708 801 741 855; x_wconf 90' lang='lat' dir='ltr'>ut</span> <span class='ocrx_word' id='word_1_37' title='bbox 759 796 894 855; x_wconf 89' lang='lat' dir='ltr'>instituta</span> <span class='ocrx_word' id='word_1_38' title='bbox 913 800 989 854; x_wconf 89' lang='lat' dir='ltr'>erat:</span> <span class='ocrx_word' id='word_1_39' title='bbox 1010 793 1071 852; x_wconf 77' lang='lat' dir='ltr'>dari</span> <span class='ocrx_word' id='word_1_40' title='bbox 1092 790 1146 871; x_wconf 80' lang='grc' dir='ltr'>μὲν</span> <span class='ocrx_word' id='word_1_41' title='bbox 1166 793 1271 875; x_wconf 74' lang='grc' dir='ltr'><em>αἰχμῆς</em></span> 
     </span>
     <span class='ocr_line' id='line_1_6' title="bbox 142 882 1270 967; baseline 0.002 -20"><span class='ocrx_word' id='word_1_42' title='bbox 142 889 247 948; x_wconf 87' lang='grc' dir='ltr'><em>κεστὸν</em></span> <span class='ocrx_word' id='word_1_43' title='bbox 273 884 352 967; x_wconf 81' lang='grc' dir='ltr'><em>ἔχον,</em></span> <span class='ocrx_word' id='word_1_44' title='bbox 378 887 440 945; x_wconf 70' lang='grc' dir='ltr'><em>ἀντὶ</em></span> <span class='ocrx_word' id='word_1_45' title='bbox 466 886 500 945; x_wconf 84' lang='grc' dir='ltr'>δὲ</span> <span class='ocrx_word' id='word_1_46' title='bbox 525 885 659 964; x_wconf 83' lang='grc' dir='ltr'><em>κέντρου,</em></span> <span class='ocrx_word' id='word_1_47' title='bbox 691 887 740 945; x_wconf 77' lang='grc' dir='ltr'><em>καὶ</em></span> <span class='ocrx_word' id='word_1_48' title='bbox 764 886 826 946; x_wconf 75' lang='grc' dir='ltr'><em>ἀντὶ</em></span> <span class='ocrx_word' id='word_1_49' title='bbox 850 886 954 947; x_wconf 84' lang='grc' dir='ltr'><em>τούτου</em></span> <span class='ocrx_word' id='word_1_50' title='bbox 979 887 1084 946; x_wconf 80' lang='grc' dir='ltr'><em>κεστὸν</em></span> <span class='ocrx_word' id='word_1_51' title='bbox 1106 882 1186 966; x_wconf 79' lang='grc' dir='ltr'><em>ἔχω·</em></span> <span class='ocrx_word' id='word_1_52' title='bbox 1208 889 1270 949; x_wconf 76' lang='grc' dir='ltr'><em>ἀντὶ</em></span> 
     </span>
     <span class='ocr_line' id='line_1_7' title="bbox 141 979 1272 1057; baseline 0.003 -16"><span class='ocrx_word' id='word_1_53' title='bbox 141 981 177 1041; x_wconf 83' lang='grc' dir='ltr'>δὲ</span> <span class='ocrx_word' id='word_1_54' title='bbox 196 981 292 1054; x_wconf 82' lang='grc' dir='ltr'><strong><em>τόξου,</em></strong></span> <span class='ocrx_word' id='word_1_55' title='bbox 312 979 447 1057; x_wconf 73' lang='grc' dir='ltr'><em>ὁμοίως(</em></span> <span class='ocrx_word' id='word_1_56' title='bbox 493 981 653 1039; x_wconf 88' lang='lat' dir='ltr'>Hermanni</span> <span class='ocrx_word' id='word_1_57' title='bbox 680 983 874 1048; x_wconf 88' lang='lat' dir='ltr'>coniecturam</span> <span class='ocrx_word' id='word_1_58' title='bbox 898 984 1012 1057; x_wconf 87' lang='lat' dir='ltr'>recepit</span> <span class='ocrx_word' id='word_1_59' title='bbox 1034 983 1141 1055; x_wconf 89' lang='lat' dir='ltr'>Lehrs,</span> <span class='ocrx_word' id='word_1_60' title='bbox 1166 983 1272 1056; x_wconf 86' lang='lat' dir='ltr'>impro-</span> 
     </span>
     <span class='ocr_line' id='line_1_8' title="bbox 142 1075 1268 1149; baseline 0.003 -15"><span class='ocrx_word' id='word_1_61' title='bbox 142 1077 223 1135; x_wconf 91' lang='lat' dir='ltr'>bavit</span> <span class='ocrx_word' id='word_1_62' title='bbox 236 1076 347 1135; x_wconf 79' lang='lat' dir='ltr'>Tiedlrs</span> <span class='ocrx_word' id='word_1_63' title='bbox 368 1077 397 1133; x_wconf 94' lang='lat' dir='ltr'>in</span> <span class='ocrx_word' id='word_1_64' title='bbox 411 1075 520 1134; x_wconf 89' lang='lat' dir='ltr'>Herma</span> <span class='ocrx_word' id='word_1_65' title='bbox 532 1075 605 1133; x_wconf 88' lang='lat' dir='ltr'>Xlll</span> <span class='ocrx_word' id='word_1_66' title='bbox 626 1093 654 1148; x_wconf 88' lang='lat' dir='ltr'>p.</span> <span class='ocrx_word' id='word_1_67' title='bbox 670 1082 739 1149; x_wconf 82' lang='lat'>352,</span> <span class='ocrx_word' id='word_1_68' title='bbox 760 1077 840 1135; x_wconf 89' lang='lat' dir='ltr'>cuiue</span> <span class='ocrx_word' id='word_1_69' title='bbox 859 1075 934 1135; x_wconf 89' lang='lat' dir='ltr'>haec</span> <span class='ocrx_word' id='word_1_70' title='bbox 952 1082 1019 1136; x_wconf 88' lang='lat' dir='ltr'>sunt</span> <span class='ocrx_word' id='word_1_71' title='bbox 1036 1076 1137 1136; x_wconf 88' lang='lat' dir='ltr'>verba:</span> <span class='ocrx_word' id='word_1_72' title='bbox 1161 1078 1268 1149; x_wconf 73' lang='lat' dir='ltr'>»Quem</span> 
     </span>
     <span class='ocr_line' id='line_1_9' title="bbox 140 1170 1268 1242; baseline -0.003 -13"><span class='ocrx_word' id='word_1_73' title='bbox 140 1176 240 1229; x_wconf 89' lang='lat' dir='ltr'>autem</span> <span class='ocrx_word' id='word_1_74' title='bbox 253 1170 399 1228; x_wconf 90' lang='lat' dir='ltr'>stimulum</span> <span class='ocrx_word' id='word_1_75' title='bbox 413 1185 533 1240; x_wconf 86' lang='lat' dir='ltr'>quemve</span> <span class='ocrx_word' id='word_1_76' title='bbox 547 1185 644 1227; x_wconf 90' lang='lat' dir='ltr'>arcum</span> <span class='ocrx_word' id='word_1_77' title='bbox 654 1170 763 1228; x_wconf 90' lang='lat' dir='ltr'>·Veuus</span> <span class='ocrx_word' id='word_1_78' title='bbox 777 1170 949 1242; x_wconf 89' lang='lat' dir='ltr'>appellaret,</span> <span class='ocrx_word' id='word_1_79' title='bbox 963 1171 1019 1227; x_wconf 89' lang='lat' dir='ltr'>nisi</span> <span class='ocrx_word' id='word_1_80' title='bbox 1031 1171 1125 1242; x_wconf 89' lang='lat' dir='ltr'>ipsum</span> <span class='ocrx_word' id='word_1_81' title='bbox 1139 1171 1268 1229; x_wconf 80' lang='lat' dir='ltr'>aestum?</span> 
     </span>
     <span class='ocr_line' id='line_1_10' title="bbox 139 1263 1269 1338; baseline 0.004 -18"><span class='ocrx_word' id='word_1_82' title='bbox 139 1279 217 1334; x_wconf 87' lang='lat' dir='ltr'>quas</span> <span class='ocrx_word' id='word_1_83' title='bbox 242 1263 358 1334; x_wconf 90' lang='lat' dir='ltr'>quidem</span> <span class='ocrx_word' id='word_1_84' title='bbox 382 1264 480 1336; x_wconf 91' lang='lat' dir='ltr'>paullo</span> <span class='ocrx_word' id='word_1_85' title='bbox 500 1268 569 1321; x_wconf 88' lang='lat' dir='ltr'>aute</span> <span class='ocrx_word' id='word_1_86' title='bbox 589 1264 688 1321; x_wconf 91' lang='lat' dir='ltr'>lusum</span> <span class='ocrx_word' id='word_1_87' title='bbox 714 1281 845 1323; x_wconf 90' lang='lat' dir='ltr'>amorum</span> <span class='ocrx_word' id='word_1_88' title='bbox 868 1266 950 1336; x_wconf 84' lang='lat' dir='ltr'>quasi</span> <span class='ocrx_word' id='word_1_89' title='bbox 975 1265 1088 1323; x_wconf 86' lang='lat' dir='ltr'>hastam</span> <span class='ocrx_word' id='word_1_90' title='bbox 1113 1282 1144 1324; x_wconf 91' lang='lat' dir='ltr'>sc</span> <span class='ocrx_word' id='word_1_91' title='bbox 1165 1281 1269 1338; x_wconf 86' lang='lat' dir='ltr'>gerere</span> 
     </span>
     <span class='ocr_line' id='line_1_11' title="bbox 142 1356 1268 1430; baseline 0.004 -17"><span class='ocrx_word' id='word_1_92' title='bbox 142 1357 371 1430; x_wconf 85' lang='lat' dir='ltr'>praedicaverat.</span> <span class='ocrx_word' id='word_1_93' title='bbox 407 1356 490 1428; x_wconf 80' lang='lat' dir='ltr'>Quod</span> <span class='ocrx_word' id='word_1_94' title='bbox 510 1372 575 1414; x_wconf 90' lang='lat' dir='ltr'>oum</span> <span class='ocrx_word' id='word_1_95' title='bbox 593 1361 691 1429; x_wconf 85' lang='lat' dir='ltr'>recte,</span> <span class='ocrx_word' id='word_1_96' title='bbox 713 1363 746 1415; x_wconf 88' lang='lat' dir='ltr'>ut</span> <span class='ocrx_word' id='word_1_97' title='bbox 765 1358 836 1415; x_wconf 90' lang='lat' dir='ltr'>mihi</span> <span class='ocrx_word' id='word_1_98' title='bbox 854 1358 969 1428; x_wconf 89' lang='lat' dir='ltr'>quidem</span> <span class='ocrx_word' id='word_1_99' title='bbox 984 1357 1108 1430; x_wconf 90' lang='lat' dir='ltr'>videtur,</span> <span class='ocrx_word' id='word_1_100' title='bbox 1128 1358 1268 1417; x_wconf 86' lang='lat' dir='ltr'>Herman-</span> 
     </span>
     <span class='ocr_line' id='line_1_12' title="bbox 142 1450 1268 1523; baseline 0.003 -16"><span class='ocrx_word' id='word_1_101' title='bbox 142 1467 195 1507; x_wconf 91' lang='lat' dir='ltr'>nus</span> <span class='ocrx_word' id='word_1_102' title='bbox 213 1450 420 1523; x_wconf 85' lang='lat' dir='ltr'>perspexisset,</span> <span class='ocrx_word' id='word_1_103' title='bbox 440 1451 574 1521; x_wconf 87' lang='lat' dir='ltr'>neglecta</span> <span class='ocrx_word' id='word_1_104' title='bbox 596 1450 800 1522; x_wconf 84' lang='lat' dir='ltr'>resumptione,</span> <span class='ocrx_word' id='word_1_105' title='bbox 821 1451 910 1508; x_wconf 88' lang='lat' dir='ltr'>verba</span> <span class='ocrx_word' id='word_1_106' title='bbox 923 1452 965 1509; x_wconf 93' lang='lat' dir='ltr'>sic</span> <span class='ocrx_word' id='word_1_107' title='bbox 976 1452 1053 1508; x_wconf 92' lang='lat' dir='ltr'>inter</span> <span class='ocrx_word' id='word_1_108' title='bbox 1066 1467 1097 1509; x_wconf 89' lang='lat' dir='ltr'>se</span> <span class='ocrx_word' id='word_1_109' title='bbox 1112 1450 1268 1511; x_wconf 87' lang='lat' dir='ltr'>cohaerere</span> 
     </span>
     <span class='ocr_line' id='line_1_13' title="bbox 142 1537 1268 1621; baseline 0.004 -21"><span class='ocrx_word' id='word_1_110' title='bbox 142 1543 293 1601; x_wconf 82' lang='lat' dir='ltr'>indicavit:</span> <span class='ocrx_word' id='word_1_111' title='bbox 314 1539 375 1598; x_wconf 78' lang='lat' dir='ltr'>dvc-i</span> <span class='ocrx_word' id='word_1_112' title='bbox 386 1538 440 1616; x_wconf 81' lang='grc' dir='ltr'>μὲν</span> <span class='ocrx_word' id='word_1_113' title='bbox 461 1541 565 1619; x_wconf 76' lang='grc' dir='ltr'><em>αἰχμῆς</em></span> <span class='ocrx_word' id='word_1_114' title='bbox 576 1573 611 1581; x_wconf 92' lang='lat'>-—</span> <span class='ocrx_word' id='word_1_115' title='bbox 624 1540 728 1598; x_wconf 87' lang='grc' dir='ltr'><em>κεστὸν</em></span> <span class='ocrx_word' id='word_1_116' title='bbox 741 1537 818 1621; x_wconf 79' lang='grc' dir='ltr'><em>ἔχω·</em></span> <span class='ocrx_word' id='word_1_117' title='bbox 839 1541 887 1599; x_wconf 77' lang='grc' dir='ltr'><em>καὶ</em></span> <span class='ocrx_word' id='word_1_118' title='bbox 901 1542 1019 1620; x_wconf 82' lang='grc' dir='ltr'><em>κέντρον</em></span> <span class='ocrx_word' id='word_1_119' title='bbox 1033 1540 1096 1620; x_wconf 71' lang='grc' dir='ltr'><em>ἄητο</em></span> <span class='ocrx_word' id='word_1_120' title='bbox 1116 1542 1164 1601; x_wconf 82' lang='grc' dir='ltr'><em>καλ</em></span> <span class='ocrx_word' id='word_1_121' title='bbox 1183 1542 1268 1613; x_wconf 82' lang='grc' dir='ltr'><em>τόξον</em></span> 
     </span>
     <span class='ocr_line' id='line_1_14' title="bbox 142 1633 1267 1712; baseline 0.006 -20"><span class='ocrx_word' id='word_1_122' title='bbox 142 1634 233 1712; x_wconf 81' lang='grc' dir='ltr'><strong><em>ἀείρω</em></strong></span> <span class='ocrx_word' id='word_1_123' title='bbox 254 1633 374 1704; x_wconf 90' lang='grc' dir='ltr'><em>κεστόν,</em></span> <span class='ocrx_word' id='word_1_124' title='bbox 397 1651 481 1707; x_wconf 88' lang='lat' dir='ltr'>quern</span> <span class='ocrx_word' id='word_1_125' title='bbox 504 1651 663 1694; x_wconf 89' lang='lat' dir='ltr'>sermonem</span> <span class='ocrx_word' id='word_1_126' title='bbox 683 1636 785 1695; x_wconf 89' lang='lat' dir='ltr'>Nonne</span> <span class='ocrx_word' id='word_1_127' title='bbox 806 1636 925 1709; x_wconf 86' lang='lat' dir='ltr'>eiusque</span> <span class='ocrx_word' id='word_1_128' title='bbox 945 1637 1137 1697; x_wconf 88' lang='lat' dir='ltr'>sectatoribus</span> <span class='ocrx_word' id='word_1_129' title='bbox 1156 1645 1267 1699; x_wconf 90' lang='lat' dir='ltr'>tantum</span> 
     </span>
     <span class='ocr_line' id='line_1_15' title="bbox 141 1727 1267 1810; baseline 0.004 -24"><span class='ocrx_word' id='word_1_130' title='bbox 141 1730 310 1802; x_wconf 88' lang='lat' dir='ltr'>discrepare</span> <span class='ocrx_word' id='word_1_131' title='bbox 330 1735 408 1802; x_wconf 89' lang='lat' dir='ltr'>puto,</span> <span class='ocrx_word' id='word_1_132' title='bbox 430 1733 463 1786; x_wconf 91' lang='lat' dir='ltr'>ut</span> <span class='ocrx_word' id='word_1_133' title='bbox 482 1745 540 1786; x_wconf 90' lang='lat' dir='ltr'>una</span> <span class='ocrx_word' id='word_1_134' title='bbox 554 1730 654 1788; x_wconf 89' lang='lat' dir='ltr'>littera</span> <span class='ocrx_word' id='word_1_135' title='bbox 668 1735 780 1788; x_wconf 87' lang='lat' dir='ltr'>mutata</span> <span class='ocrx_word' id='word_1_136' title='bbox 800 1729 904 1788; x_wconf 82' lang='grc' dir='ltr'><em>κεστὸν</em></span> <span class='ocrx_word' id='word_1_137' title='bbox 925 1727 984 1809; x_wconf 75' lang='grc' dir='ltr'>ἐγὼ</span> <span class='ocrx_word' id='word_1_138' title='bbox 1005 1731 1053 1789; x_wconf 78' lang='grc' dir='ltr'><em>καὶ</em></span> <span class='ocrx_word' id='word_1_139' title='bbox 1072 1730 1191 1809; x_wconf 76' lang='grc' dir='ltr'><em>κέντρον</em></span> <span class='ocrx_word' id='word_1_140' title='bbox 1204 1730 1267 1810; x_wconf 76' lang='grc' dir='ltr'>ἄγω</span> 
     </span>
     <span class='ocr_line' id='line_1_16' title="bbox 142 1819 1268 1898; baseline 0.008 -21"><span class='ocrx_word' id='word_1_141' title='bbox 142 1820 192 1878; x_wconf 76' lang='grc' dir='ltr'><em>καὶ</em></span> <span class='ocrx_word' id='word_1_142' title='bbox 216 1820 300 1890; x_wconf 80' lang='grc' dir='ltr'><em>τόξον</em></span> <span class='ocrx_word' id='word_1_143' title='bbox 324 1819 415 1898; x_wconf 75' lang='grc' dir='ltr'><em>ἀείρω</em></span> <span class='ocrx_word' id='word_1_144' title='bbox 437 1823 456 1878; x_wconf 90' lang='lat' dir='ltr'>i.</span> <span class='ocrx_word' id='word_1_145' title='bbox 480 1839 505 1880; x_wconf 88' lang='lat' dir='ltr'>e.</span> <span class='ocrx_word' id='word_1_146' title='bbox 534 1828 645 1881; x_wconf 90' lang='lat' dir='ltr'>cestnm</span> <span class='ocrx_word' id='word_1_147' title='bbox 671 1840 727 1895; x_wconf 87' lang='lat' dir='ltr'>ego</span> <span class='ocrx_word' id='word_1_148' title='bbox 747 1829 777 1882; x_wconf 91' lang='lat' dir='ltr'>et</span> <span class='ocrx_word' id='word_1_149' title='bbox 801 1829 946 1897; x_wconf 84' lang='lat' dir='ltr'>tamquam</span> <span class='ocrx_word' id='word_1_150' title='bbox 971 1827 1117 1884; x_wconf 88' lang='lat' dir='ltr'>stimulum</span> <span class='ocrx_word' id='word_1_151' title='bbox 1143 1842 1213 1898; x_wconf 87' lang='lat' dir='ltr'>gero</span> <span class='ocrx_word' id='word_1_152' title='bbox 1238 1833 1268 1886; x_wconf 91' lang='lat' dir='ltr'>et</span> 
     </span>
     <span class='ocr_line' id='line_1_17' title="bbox 144 1913 1268 1997; baseline 0.004 -26"><span class='ocrx_word' id='word_1_153' title='bbox 144 1930 243 1972; x_wconf 87' lang='lat' dir='ltr'>areum</span> <span class='ocrx_word' id='word_1_154' title='bbox 273 1915 344 1973; x_wconf 90' lang='lat' dir='ltr'>tollo</span> <span class='ocrx_word' id='word_1_155' title='bbox 369 1913 434 1985; x_wconf 87' lang='lat' dir='ltr'>(cfr.</span> <span class='ocrx_word' id='word_1_156' title='bbox 455 1914 541 1971; x_wconf 87' lang='lat' dir='ltr'>Dion.</span> <span class='ocrx_word' id='word_1_157' title='bbox 568 1916 639 1973; x_wconf 89' lang='lat' dir='ltr'>XIX</span> <span class='ocrx_word' id='word_1_158' title='bbox 665 1923 720 1975; x_wconf 81' lang='lat'>236</span> <span class='ocrx_word' id='word_1_159' title='bbox 743 1915 822 1993; x_wconf 76' lang='grc' dir='ltr'><em>χειρὶ</em></span> <span class='ocrx_word' id='word_1_160' title='bbox 842 1922 895 1994; x_wconf 76' lang='grc' dir='ltr'>μιῇ</span> <span class='ocrx_word' id='word_1_161' title='bbox 919 1916 967 1973; x_wconf 78' lang='grc' dir='ltr'><em>καὶ</em></span> <span class='ocrx_word' id='word_1_162' title='bbox 992 1918 1093 1976; x_wconf 88' lang='grc' dir='ltr'><em>κίσσον</em></span> <span class='ocrx_word' id='word_1_163' title='bbox 1117 1913 1195 1997; x_wconf 80' lang='grc' dir='ltr'><em>ἔχων</em></span> <span class='ocrx_word' id='word_1_164' title='bbox 1218 1918 1268 1976; x_wconf 73' lang='grc' dir='ltr'><em>καὶ</em></span> 
     </span>
     <span class='ocr_line' id='line_1_18' title="bbox 143 2003 1268 2086; baseline 0.005 -24"><span class='ocrx_word' id='word_1_165' title='bbox 143 2004 250 2062; x_wconf 74' lang='grc' dir='ltr'><em>θαλλὸν</em></span> <span class='ocrx_word' id='word_1_166' title='bbox 270 2003 380 2083; x_wconf 83' lang='grc' dir='ltr'><em>ἐλοιίης;</em></span> <span class='ocrx_word' id='word_1_167' title='bbox 401 2006 559 2065; x_wconf 85' lang='lat' dir='ltr'>XXXVIII</span> <span class='ocrx_word' id='word_1_168' title='bbox 579 2015 634 2066; x_wconf 81' lang='lat'>286</span> <span class='ocrx_word' id='word_1_169' title='bbox 655 2006 839 2085; x_wconf 79' lang='grc' dir='ltr'><em>ἀμφοτέρους</em></span> <span class='ocrx_word' id='word_1_170' title='bbox 859 2008 908 2065; x_wconf 77' lang='grc' dir='ltr'><em>καὶ</em></span> <span class='ocrx_word' id='word_1_171' title='bbox 928 2008 1025 2068; x_wconf 82' lang='grc' dir='ltr'><em>Νεῖλον</em></span> <span class='ocrx_word' id='word_1_172' title='bbox 1050 2009 1122 2086; x_wconf 79' lang='grc' dir='ltr'><em>ὁμοῦ</em></span> <span class='ocrx_word' id='word_1_173' title='bbox 1150 2010 1198 2068; x_wconf 77' lang='grc' dir='ltr'><em>καὶ</em></span> <span class='ocrx_word' id='word_1_174' title='bbox 1215 2010 1268 2086; x_wconf 82' lang='grc' dir='ltr'>βό-</span> 
     </span>
     <span class='ocr_line' id='line_1_19' title="bbox 142 2098 1268 2182; baseline 0.004 -26"><span class='ocrx_word' id='word_1_175' title='bbox 142 2119 213 2176; x_wconf 86' lang='grc' dir='ltr'><em>τρυν</em></span> <span class='ocrx_word' id='word_1_176' title='bbox 233 2098 336 2168; x_wconf 80' lang='grc' dir='ltr'><em>ἀέξων.</em></span> <span class='ocrx_word' id='word_1_177' title='bbox 376 2101 445 2158; x_wconf 80' lang='lat' dir='ltr'>Par.</span> <span class='ocrx_word' id='word_1_178' title='bbox 464 2102 492 2160; x_wconf 89' lang='lat' dir='ltr'>N</span> <span class='ocrx_word' id='word_1_179' title='bbox 512 2108 549 2160; x_wconf 82' lang='lat'>43</span> <span class='ocrx_word' id='word_1_180' title='bbox 576 2099 655 2178; x_wconf 78' lang='grc' dir='ltr'><em>νίψον</em></span> <span class='ocrx_word' id='word_1_181' title='bbox 679 2098 756 2170; x_wconf 82' lang='grc' dir='ltr'><em>ἄναξ</em></span> <span class='ocrx_word' id='word_1_182' title='bbox 772 2101 820 2159; x_wconf 77' lang='grc' dir='ltr'><em>καὶ</em></span> <span class='ocrx_word' id='word_1_183' title='bbox 836 2106 942 2182; x_wconf 73' lang='grc' dir='ltr'><em>χεξοος</em></span> <span class='ocrx_word' id='word_1_184' title='bbox 965 2100 1039 2179; x_wconf 80' lang='grc' dir='ltr'><em>ἐμὰς</em></span> <span class='ocrx_word' id='word_1_185' title='bbox 1064 2103 1112 2161; x_wconf 75' lang='grc' dir='ltr'><em>καὶ</em></span> <span class='ocrx_word' id='word_1_186' title='bbox 1136 2102 1268 2161; x_wconf 82' lang='grc' dir='ltr'><em>κοκλάδα</em></span> 
     </span>
     <span class='ocr_line' id='line_1_20' title="bbox 145 2192 1267 2276; baseline 0.005 -27"><span class='ocrx_word' id='word_1_187' title='bbox 145 2192 262 2271; x_wconf 88' lang='grc' dir='ltr'><em>κόρσην.</em></span> <span class='ocrx_word' id='word_1_188' title='bbox 304 2194 385 2251; x_wconf 84' lang='grc' dir='ltr'><em>Ροολ.</em></span> <span class='ocrx_word' id='word_1_189' title='bbox 407 2193 457 2252; x_wconf 87' lang='lat' dir='ltr'>Sil.</span> <span class='ocrx_word' id='word_1_190' title='bbox 477 2194 579 2252; x_wconf 87' lang='lat' dir='ltr'>Descr.</span> <span class='ocrx_word' id='word_1_191' title='bbox 601 2211 637 2255; x_wconf 89' lang='lat' dir='ltr'>m.</span> <span class='ocrx_word' id='word_1_192' title='bbox 658 2197 726 2254; x_wconf 90' lang='lat' dir='ltr'>eccl.</span> <span class='ocrx_word' id='word_1_193' title='bbox 747 2196 763 2253; x_wconf 97' lang='grc' dir='ltr'><strong>Ι</strong></span> <span class='ocrx_word' id='word_1_194' title='bbox 784 2204 838 2256; x_wconf 87' lang='grc'>138</span> <span class='ocrx_word' id='word_1_195' title='bbox 859 2194 952 2262; x_wconf 86' lang='grc' dir='ltr'><em>δεινὸς</em></span> <span class='ocrx_word' id='word_1_196' title='bbox 971 2195 1054 2276; x_wconf 79' lang='grc' dir='ltr'><em>ἀνηρ,</em></span> <span class='ocrx_word' id='word_1_197' title='bbox 1080 2196 1129 2254; x_wconf 77' lang='grc' dir='ltr'><em>κοιλ</em></span> <span class='ocrx_word' id='word_1_198' title='bbox 1149 2195 1267 2274; x_wconf 85' lang='grc' dir='ltr'><em>κέντρον</em></span> 
     </span>
     <span class='ocr_line' id='line_1_21' title="bbox 142 2283 1268 2364; baseline 0.005 -21"><span class='ocrx_word' id='word_1_199' title='bbox 142 2283 218 2344; x_wconf 74' lang='grc' dir='ltr'><em>ἑλεῖν</em></span> <span class='ocrx_word' id='word_1_200' title='bbox 238 2285 287 2344; x_wconf 78' lang='grc' dir='ltr'><em>καὶ</em></span> <span class='ocrx_word' id='word_1_201' title='bbox 308 2286 406 2363; x_wconf 76' lang='grc' dir='ltr'><em>σχῆμα</em></span> <span class='ocrx_word' id='word_1_202' title='bbox 424 2284 573 2364; x_wconf 80' lang='grc' dir='ltr'><em>χαράξαι).</em></span> <span class='ocrx_word' id='word_1_203' title='bbox 613 2289 676 2347; x_wconf 82' lang='grc' dir='ltr'>Νοο</span> <span class='ocrx_word' id='word_1_204' title='bbox 697 2295 795 2348; x_wconf 87' lang='lat' dir='ltr'>tamen</span> <span class='ocrx_word' id='word_1_205' title='bbox 814 2306 980 2364; x_wconf 83' lang='lat' dir='ltr'>repugnem,</span> <span class='ocrx_word' id='word_1_206' title='bbox 1000 2293 1025 2351; x_wconf 92' lang='lat' dir='ltr'>si</span> <span class='ocrx_word' id='word_1_207' title='bbox 1039 2293 1102 2364; x_wconf 87' lang='lat' dir='ltr'>quis</span> <span class='ocrx_word' id='word_1_208' title='bbox 1116 2292 1159 2350; x_wconf 91' lang='lat' dir='ltr'>ita</span> <span class='ocrx_word' id='word_1_209' title='bbox 1172 2296 1268 2350; x_wconf 88' lang='lat' dir='ltr'>servet</span> 
     </span>
     <span class='ocr_line' id='line_1_22' title="bbox 141 2378 1267 2462; baseline 0.004 -25"><span class='ocrx_word' id='word_1_210' title='bbox 141 2382 381 2454; x_wconf 86' lang='lat' dir='ltr'>resumptionem,</span> <span class='ocrx_word' id='word_1_211' title='bbox 407 2388 440 2441; x_wconf 92' lang='lat' dir='ltr'>ut</span> <span class='ocrx_word' id='word_1_212' title='bbox 465 2383 578 2441; x_wconf 88' lang='lat' dir='ltr'>scribat</span> <span class='ocrx_word' id='word_1_213' title='bbox 603 2381 707 2440; x_wconf 88' lang='grc' dir='ltr'><em>κεστὸν</em></span> <span class='ocrx_word' id='word_1_214' title='bbox 734 2378 798 2462; x_wconf 82' lang='grc' dir='ltr'>ἔχω</span> <span class='ocrx_word' id='word_1_215' title='bbox 824 2383 872 2441; x_wconf 81' lang='grc' dir='ltr'><em>καὶ</em></span> <span class='ocrx_word' id='word_1_216' title='bbox 896 2384 1015 2462; x_wconf 82' lang='grc' dir='ltr'><em>κέντρον</em></span> <span class='ocrx_word' id='word_1_217' title='bbox 1033 2383 1095 2461; x_wconf 76' lang='grc' dir='ltr'>ἐγὼ</span> <span class='ocrx_word' id='word_1_218' title='bbox 1115 2383 1165 2442; x_wconf 79' lang='grc' dir='ltr'><em>καὶ</em></span> <span class='ocrx_word' id='word_1_219' title='bbox 1183 2383 1267 2452; x_wconf 80' lang='grc' dir='ltr'><em>τόξον</em></span> 
     </span>
     <span class='ocr_line' id='line_1_23' title="bbox 142 2473 1268 2549; baseline 0.007 -19"><span class='ocrx_word' id='word_1_220' title='bbox 142 2473 245 2549; x_wconf 82' lang='grc' dir='ltr'><em>ἀείρω,</em></span> <span class='ocrx_word' id='word_1_221' title='bbox 265 2491 339 2546; x_wconf 90' lang='lat' dir='ltr'>qnae</span> <span class='ocrx_word' id='word_1_222' title='bbox 360 2475 462 2534; x_wconf 91' lang='lat' dir='ltr'>eadem</span> <span class='ocrx_word' id='word_1_223' title='bbox 483 2476 636 2536; x_wconf 89' lang='lat' dir='ltr'>verborum</span> <span class='ocrx_word' id='word_1_224' title='bbox 657 2477 810 2537; x_wconf 88' lang='lat' dir='ltr'>collocatio</span> <span class='ocrx_word' id='word_1_225' title='bbox 831 2484 876 2536; x_wconf 91' lang='lat' dir='ltr'>est</span> <span class='ocrx_word' id='word_1_226' title='bbox 895 2483 987 2549; x_wconf 87' lang='lat' dir='ltr'>atque</span> <span class='ocrx_word' id='word_1_227' title='bbox 999 2478 1083 2538; x_wconf 90' lang='lat' dir='ltr'>Dion.</span> <span class='ocrx_word' id='word_1_228' title='bbox 1104 2480 1217 2537; x_wconf 82' lang='lat' dir='ltr'>XXXV</span> <span class='ocrx_word' id='word_1_229' title='bbox 1230 2485 1268 2538; x_wconf 83' lang='lat'>44</span> 
     </span>
     <span class='ocr_line' id='line_1_24' title="bbox 145 2562 1266 2647; baseline 0.008 -24"><span class='ocrx_word' id='word_1_230' title='bbox 145 2565 235 2634; x_wconf 78' lang='grc' dir='ltr'><em>ξεῖνον</em></span> <span class='ocrx_word' id='word_1_231' title='bbox 256 2562 319 2647; x_wconf 79' lang='grc' dir='ltr'>ἔχω</span> <span class='ocrx_word' id='word_1_232' title='bbox 340 2568 388 2625; x_wconf 80' lang='grc' dir='ltr'><em>καὶ</em></span> <span class='ocrx_word' id='word_1_233' title='bbox 408 2566 527 2626; x_wconf 83' lang='grc' dir='ltr'><em>ἄπιστον</em></span> <span class='ocrx_word' id='word_1_234' title='bbox 547 2566 607 2645; x_wconf 78' lang='grc' dir='ltr'>ἐγὼ</span> <span class='ocrx_word' id='word_1_235' title='bbox 626 2567 744 2627; x_wconf 70' lang='grc' dir='ltr'><em>πόθον(</em></span> <span class='ocrx_word' id='word_1_236' title='bbox 785 2571 915 2629; x_wconf 91' lang='lat' dir='ltr'>Priorem</span> <span class='ocrx_word' id='word_1_237' title='bbox 934 2570 1050 2629; x_wconf 88' lang='lat' dir='ltr'>Tiedkii</span> <span class='ocrx_word' id='word_1_238' title='bbox 1069 2573 1266 2632; x_wconf 81' lang='lat' dir='ltr'>coniecturam</span> 
     </span>
     <span class='ocr_line' id='line_1_25' title="bbox 141 2662 1267 2740; baseline 0.004 -21"><span class='ocrx_word' id='word_1_239' title='bbox 141 2668 175 2720; x_wconf 93' lang='lat' dir='ltr'>ut</span> <span class='ocrx_word' id='word_1_240' title='bbox 193 2664 397 2736; x_wconf 86' lang='lat' dir='ltr'>simpliciorem</span> <span class='ocrx_word' id='word_1_241' title='bbox 416 2666 528 2738; x_wconf 83' lang='lat' dir='ltr'>recepi3</span> <span class='ocrx_word' id='word_1_242' title='bbox 549 2663 602 2722; x_wconf 89' lang='lat' dir='ltr'>sed</span> <span class='ocrx_word' id='word_1_243' title='bbox 621 2668 775 2736; x_wconf 87' lang='lat' dir='ltr'>praeterea</span> <span class='ocrx_word' id='word_1_244' title='bbox 795 2681 820 2721; x_wconf 84' lang='lat' dir='ltr'>v.</span> <span class='ocrx_word' id='word_1_245' title='bbox 843 2670 880 2721; x_wconf 84' lang='lat'>94</span> <span class='ocrx_word' id='word_1_246' title='bbox 906 2663 1029 2722; x_wconf 86' lang='lat' dir='ltr'>fortasse</span> <span class='ocrx_word' id='word_1_247' title='bbox 1054 2663 1109 2740; x_wconf 69' lang='lat' dir='ltr'>yde</span> <span class='ocrx_word' id='word_1_248' title='bbox 1136 2681 1189 2737; x_wconf 87' lang='lat' dir='ltr'>pro</span> <span class='ocrx_word' id='word_1_249' title='bbox 1212 2662 1267 2740; x_wconf 80' lang='grc' dir='ltr'>μὲν</span> 
     </span>
     <span class='ocr_line' id='line_1_26' title="bbox 141 2753 1267 2836; baseline 0.003 -23"><span class='ocrx_word' id='word_1_250' title='bbox 141 2756 323 2815; x_wconf 87' lang='lat' dir='ltr'>scribendum</span> <span class='ocrx_word' id='word_1_251' title='bbox 352 2762 405 2816; x_wconf 90' lang='lat' dir='ltr'>est.</span> <span class='ocrx_word' id='word_1_252' title='bbox 434 2791 467 2800; x_wconf 91' lang='lat'><strong>—</strong></span> <span class='ocrx_word' id='word_1_253' title='bbox 497 2757 671 2830; x_wconf 74' lang='lat' dir='ltr'>corruptum</span> <span class='ocrx_word' id='word_1_254' title='bbox 700 2772 764 2815; x_wconf 92' lang='lat' dir='ltr'>esse</span> <span class='ocrx_word' id='word_1_255' title='bbox 789 2754 942 2834; x_wconf 76' lang='grc' dir='ltr'><em>φιλότητος</em></span> <span class='ocrx_word' id='word_1_256' title='bbox 966 2754 1038 2836; x_wconf 80' lang='grc' dir='ltr'><em>ἐμῆς</em></span> <span class='ocrx_word' id='word_1_257' title='bbox 1061 2753 1130 2833; x_wconf 80' lang='grc' dir='ltr'><em>ἐμὸν</em></span> <span class='ocrx_word' id='word_1_258' title='bbox 1152 2753 1267 2834; x_wconf 78' lang='grc' dir='ltr'><em>οἶστρον</em></span> 
     </span>
     <span class='ocr_line' id='line_1_27' title="bbox 141 2845 1266 2928; baseline 0.002 -21"><span class='ocrx_word' id='word_1_259' title='bbox 141 2849 273 2923; x_wconf 88' lang='lat' dir='ltr'>plerique</span> <span class='ocrx_word' id='word_1_260' title='bbox 299 2852 393 2910; x_wconf 86' lang='lat' dir='ltr'>critici</span> <span class='ocrx_word' id='word_1_261' title='bbox 419 2851 609 2909; x_wconf 77' lang='lat' dir='ltr'>eonsentIunt.</span> <span class='ocrx_word' id='word_1_262' title='bbox 640 2850 736 2921; x_wconf 83' lang='lat' dir='ltr'>Atque</span> <span class='ocrx_word' id='word_1_263' title='bbox 755 2847 885 2928; x_wconf 86' lang='grc' dir='ltr'><em>φιλότητι</em></span> <span class='ocrx_word' id='word_1_264' title='bbox 902 2847 1072 2926; x_wconf 77' lang='grc' dir='ltr'><em>μεμιγμένον</em></span> <span class='ocrx_word' id='word_1_265' title='bbox 1092 2845 1206 2927; x_wconf 79' lang='grc' dir='ltr'><em>οἶστρον</em></span> <span class='ocrx_word' id='word_1_266' title='bbox 1220 2851 1266 2909; x_wconf 81' lang='lat' dir='ltr'>vel</span> 
     </span>
     <span class='ocr_line' id='line_1_28' title="bbox 142 2938 1266 3022; baseline 0.004 -24"><span class='ocrx_word' id='word_1_267' title='bbox 142 2942 295 3022; x_wconf 72' lang='grc' dir='ltr'><em>φιλότητος</em></span> <span class='ocrx_word' id='word_1_268' title='bbox 315 2943 444 3022; x_wconf 74' lang='grc' dir='ltr'><em>ὀνήσιμον</em></span> <span class='ocrx_word' id='word_1_269' title='bbox 459 2941 575 3020; x_wconf 73' lang='grc' dir='ltr'><em>οἶστρον</em></span> <span class='ocrx_word' id='word_1_270' title='bbox 589 2944 714 3001; x_wconf 87' lang='lat' dir='ltr'>coniecit</span> <span class='ocrx_word' id='word_1_271' title='bbox 730 2943 864 3016; x_wconf 89' lang='lat' dir='ltr'>Lennep,</span> <span class='ocrx_word' id='word_1_272' title='bbox 886 2938 958 3020; x_wconf 77' lang='grc' dir='ltr'><em>ἐμῆς</em></span> <span class='ocrx_word' id='word_1_273' title='bbox 977 2940 1040 3000; x_wconf 93' lang='grc' dir='ltr'><em>νέον</em></span> <span class='ocrx_word' id='word_1_274' title='bbox 1060 2940 1173 3020; x_wconf 80' lang='grc' dir='ltr'><em>οἶστρον</em></span> <span class='ocrx_word' id='word_1_275' title='bbox 1192 2943 1266 3004; x_wconf 87' lang='lat' dir='ltr'>Dur·</span> 
     </span>
     <span class='ocr_line' id='line_1_29' title="bbox 118 3036 1267 3111; baseline 0.003 -19"><span class='ocrx_word' id='word_1_276' title='bbox 118 3039 247 3111; x_wconf 86' lang='lat' dir='ltr'>.villius‚</span> <span class='ocrx_word' id='word_1_277' title='bbox 269 3040 318 3110; x_wconf 91' lang='lat' dir='ltr'>qui</span> <span class='ocrx_word' id='word_1_278' title='bbox 338 3043 439 3097; x_wconf 89' lang='lat' dir='ltr'>tamen</span> <span class='ocrx_word' id='word_1_279' title='bbox 459 3039 577 3111; x_wconf 93' lang='lat' dir='ltr'>pronior</span> <span class='ocrx_word' id='word_1_280' title='bbox 602 3042 667 3094; x_wconf 88' lang='lat' dir='ltr'>erat</span> <span class='ocrx_word' id='word_1_281' title='bbox 693 3037 730 3095; x_wconf 85' lang='lat' dir='ltr'>ad</span> <span class='ocrx_word' id='word_1_282' title='bbox 756 3038 903 3109; x_wconf 86' lang='lat' dir='ltr'>vulgatam</span> <span class='ocrx_word' id='word_1_283' title='bbox 929 3036 1124 3110; x_wconf 86' lang='lat' dir='ltr'>retinendam,</span> <span class='ocrx_word' id='word_1_284' title='bbox 1151 3038 1267 3110; x_wconf 88' lang='lat' dir='ltr'>elegan-</span> 
     </span>
     <span class='ocr_line' id='line_1_30' title="bbox 141 3125 1266 3208; baseline -0.003 -19"><span class='ocrx_word' id='word_1_285' title='bbox 141 3132 212 3189; x_wconf 89' lang='lat' dir='ltr'>tiam</span> <span class='ocrx_word' id='word_1_286' title='bbox 238 3132 268 3188; x_wconf 92' lang='lat' dir='ltr'>in</span> <span class='ocrx_word' id='word_1_287' title='bbox 287 3132 437 3204; x_wconf 88' lang='lat' dir='ltr'>repetione</span> <span class='ocrx_word' id='word_1_288' title='bbox 462 3131 638 3201; x_wconf 89' lang='lat' dir='ltr'>quaesivisse</span> <span class='ocrx_word' id='word_1_289' title='bbox 658 3137 773 3203; x_wconf 85' lang='lat' dir='ltr'>poetam</span> <span class='ocrx_word' id='word_1_290' title='bbox 797 3136 889 3188; x_wconf 89' lang='lat' dir='ltr'>ratus.</span> <span class='ocrx_word' id='word_1_291' title='bbox 929 3128 1083 3206; x_wconf 81' lang='grc' dir='ltr'><em>φιλότητος</em></span> <span class='ocrx_word' id='word_1_292' title='bbox 1106 3125 1206 3208; x_wconf 80' lang='grc' dir='ltr'><em>ἐνηέος</em></span> <span class='ocrx_word' id='word_1_293' title='bbox 1225 3126 1266 3186; x_wconf 82' lang='grc' dir='ltr'><em>οἶ·</em></span> 
     </span>
     <span class='ocr_line' id='line_1_31' title="bbox 142 3220 1264 3301; baseline 0 -21"><span class='ocrx_word' id='word_1_294' title='bbox 142 3243 230 3300; x_wconf 88' lang='grc' dir='ltr'><em>στρον</em></span> <span class='ocrx_word' id='word_1_295' title='bbox 250 3241 322 3284; x_wconf 88' lang='lat' dir='ltr'>corr.</span> <span class='ocrx_word' id='word_1_296' title='bbox 337 3223 480 3282; x_wconf 87' lang='lat' dir='ltr'>Ruhnken</span> <span class='ocrx_word' id='word_1_297' title='bbox 502 3224 606 3282; x_wconf 89' lang='lat' dir='ltr'>collato</span> <span class='ocrx_word' id='word_1_298' title='bbox 621 3223 761 3295; x_wconf 83' lang='lat' dir='ltr'>Gregorio</span> <span class='ocrx_word' id='word_1_299' title='bbox 775 3224 956 3282; x_wconf 88' lang='lat' dir='ltr'>Nazianzeno</span> <span class='ocrx_word' id='word_1_300' title='bbox 972 3220 1125 3301; x_wconf 76' lang='grc' dir='ltr'><em>(ὑποθῆκαι</em></span> <span class='ocrx_word' id='word_1_301' title='bbox 1146 3221 1264 3299; x_wconf 82' lang='grc' dir='ltr'><em>πορόεν.</em></span> 
     </span>
     <span class='ocr_line' id='line_1_32' title="bbox 140 3311 1266 3394; baseline -0.006 -17"><span class='ocrx_word' id='word_1_302' title='bbox 140 3335 170 3391; x_wconf 88' lang='lat' dir='ltr'>p.</span> <span class='ocrx_word' id='word_1_303' title='bbox 182 3326 217 3377; x_wconf 89' lang='lat'>18</span> <span class='ocrx_word' id='word_1_304' title='bbox 233 3319 278 3376; x_wconf 88' lang='lat' dir='ltr'>ed.</span> <span class='ocrx_word' id='word_1_305' title='bbox 292 3319 443 3391; x_wconf 57' lang='lat' dir='ltr'>Hervagi:</span> <span class='ocrx_word' id='word_1_306' title='bbox 460 3315 568 3394; x_wconf 81' lang='grc' dir='ltr'><em>Κοιρὸς</em></span> <span class='ocrx_word' id='word_1_307' title='bbox 581 3313 606 3373; x_wconf 78' lang='lat' dir='ltr'>d’</span> <span class='ocrx_word' id='word_1_308' title='bbox 623 3311 659 3372; x_wconf 80' lang='grc' dir='ltr'><em>οὗ</em></span> <span class='ocrx_word' id='word_1_309' title='bbox 672 3314 827 3394; x_wconf 89' lang='grc' dir='ltr'><em>φιλότητος</em></span> <span class='ocrx_word' id='word_1_310' title='bbox 840 3312 939 3392; x_wconf 81' lang='grc' dir='ltr'><em>ἐνηέος</em></span> <span class='ocrx_word' id='word_1_311' title='bbox 949 3312 1027 3372; x_wconf 78' lang='grc' dir='ltr'><em>ἐστὶν</em></span> <span class='ocrx_word' id='word_1_312' title='bbox 1038 3312 1140 3372; x_wconf 77' lang='grc' dir='ltr'><em>ἅπασιν</em></span> <span class='ocrx_word' id='word_1_313' title='bbox 1147 3311 1266 3390; x_wconf 87' lang='grc' dir='ltr'><em>Ἠερίοις</em></span> 
     </span>
     <span class='ocr_line' id='line_1_33' title="bbox 142 3405 1265 3486; baseline -0.002 -20"><span class='ocrx_word' id='word_1_314' title='bbox 142 3408 233 3476; x_wconf 84' lang='grc' dir='ltr'><em>ἁλίοις</em></span> <span class='ocrx_word' id='word_1_315' title='bbox 252 3429 284 3466; x_wconf 87' lang='grc' dir='ltr'><em>τε</em></span> <span class='ocrx_word' id='word_1_316' title='bbox 305 3410 353 3467; x_wconf 78' lang='grc' dir='ltr'><em>καὶ</em></span> <span class='ocrx_word' id='word_1_317' title='bbox 367 3407 427 3468; x_wconf 76' lang='lat' dir='ltr'>dod</span> <span class='ocrx_word' id='word_1_318' title='bbox 452 3407 497 3467; x_wconf 76' lang='grc' dir='ltr'>ἐπὶ</span> <span class='ocrx_word' id='word_1_319' title='bbox 512 3413 591 3486; x_wconf 74' lang='grc' dir='ltr'><em>μαῖον</em></span> <span class='ocrx_word' id='word_1_320' title='bbox 605 3405 708 3465; x_wconf 71' lang='lat' dir='ltr'>dieder.</span> <span class='ocrx_word' id='word_1_321' title='bbox 724 3442 759 3451; x_wconf 92' lang='lat'>-</span> <span class='ocrx_word' id='word_1_322' title='bbox 776 3408 824 3466; x_wconf 76' lang='lat' dir='ltr'>»si</span> <span class='ocrx_word' id='word_1_323' title='bbox 838 3408 906 3479; x_wconf 88' lang='lat' dir='ltr'>quid</span> <span class='ocrx_word' id='word_1_324' title='bbox 920 3408 1097 3480; x_wconf 88' lang='lat' dir='ltr'>mutandum,</span> <span class='ocrx_word' id='word_1_325' title='bbox 1121 3424 1157 3466; x_wconf 87' lang='lat' dir='ltr'>ex</span> <span class='ocrx_word' id='word_1_326' title='bbox 1170 3408 1265 3467; x_wconf 88' lang='lat' dir='ltr'>Nonni</span> 
     </span>
     <span class='ocr_line' id='line_1_34' title="bbox 139 3495 1265 3578; baseline -0.004 -15"><span class='ocrx_word' id='word_1_327' title='bbox 139 3503 259 3577; x_wconf 76' lang='lat' dir='ltr'>Dionys,</span> <span class='ocrx_word' id='word_1_328' title='bbox 272 3503 326 3561; x_wconf 94' lang='lat' dir='ltr'>XL</span> <span class='ocrx_word' id='word_1_329' title='bbox 347 3511 383 3562; x_wconf 86' lang='grc'>96</span> <span class='ocrx_word' id='word_1_330' title='bbox 404 3500 488 3560; x_wconf 81' lang='grc' dir='ltr'><em>ἄλλον</em></span> <span class='ocrx_word' id='word_1_331' title='bbox 510 3499 569 3578; x_wconf 72' lang='grc' dir='ltr'>ἐγὼ</span> <span class='ocrx_word' id='word_1_332' title='bbox 596 3499 698 3578; x_wconf 73' lang='grc' dir='ltr'><em>γλυκὺν</em></span> <span class='ocrx_word' id='word_1_333' title='bbox 723 3498 837 3578; x_wconf 82' lang='grc' dir='ltr'><em>οἶστρον</em></span> <span class='ocrx_word' id='word_1_334' title='bbox 863 3501 1027 3574; x_wconf 82' lang='lat' dir='ltr'>scripserim</span> <span class='ocrx_word' id='word_1_335' title='bbox 1051 3521 1082 3578; x_wconf 91' lang='grc' dir='ltr'>φ.</span> <span class='ocrx_word' id='word_1_336' title='bbox 1110 3495 1135 3558; x_wconf 82' lang='grc' dir='ltr'>ἐ.</span> <span class='ocrx_word' id='word_1_337' title='bbox 1163 3496 1265 3575; x_wconf 77' lang='grc' dir='ltr'><em>γλυκὺν</em></span> 
     </span>
     <span class='ocr_line' id='line_1_35' title="bbox 140 3590 1265 3672; baseline 0.002 -21"><span class='ocrx_word' id='word_1_338' title='bbox 140 3593 256 3672; x_wconf 77' lang='grc' dir='ltr'><em>οἶστρον</em></span> <span class='ocrx_word' id='word_1_339' title='bbox 270 3590 393 3652; x_wconf 80' lang='grc' dir='ltr'><em>ἑλοῦσαι.</em></span> <span class='ocrx_word' id='word_1_340' title='bbox 426 3595 483 3654; x_wconf 83' lang='lat' dir='ltr'>ctr.</span> <span class='ocrx_word' id='word_1_341' title='bbox 505 3597 623 3655; x_wconf 88' lang='lat' dir='ltr'>Nonnus</span> <span class='ocrx_word' id='word_1_342' title='bbox 643 3595 728 3654; x_wconf 80' lang='lat'>1123</span> <span class='ocrx_word' id='word_1_343' title='bbox 748 3591 863 3670; x_wconf 79' lang='grc' dir='ltr'><em>οἶστρον</em></span> <span class='ocrx_word' id='word_1_344' title='bbox 882 3590 957 3652; x_wconf 79' lang='grc' dir='ltr'><em>ἑλὼν</em></span> <span class='ocrx_word' id='word_1_345' title='bbox 976 3592 1145 3670; x_wconf 79' lang='grc' dir='ltr'><em>πτολέμοιοτ</em></span> <span class='ocrx_word' id='word_1_346' title='bbox 1166 3594 1265 3653; x_wconf 89' lang='lat' dir='ltr'>Wer·</span> 
     </span>
     <span class='ocr_line' id='line_1_36' title="bbox 140 3687 1265 3762; baseline 0.001 -17"><span class='ocrx_word' id='word_1_347' title='bbox 140 3689 223 3747; x_wconf 88' lang='lat' dir='ltr'>uike</span> <span class='ocrx_word' id='word_1_348' title='bbox 244 3688 281 3747; x_wconf 90' lang='lat' dir='ltr'>ad</span> <span class='ocrx_word' id='word_1_349' title='bbox 301 3687 457 3761; x_wconf 87' lang='lat' dir='ltr'>Tryphiod.</span> <span class='ocrx_word' id='word_1_350' title='bbox 473 3706 501 3760; x_wconf 90' lang='lat' dir='ltr'>p.</span> <span class='ocrx_word' id='word_1_351' title='bbox 519 3695 583 3747; x_wconf 82' lang='lat'>152.</span> <span class='ocrx_word' id='word_1_352' title='bbox 615 3688 768 3761; x_wconf 79' lang='lat' dir='ltr'>vulgatam</span> <span class='ocrx_word' id='word_1_353' title='bbox 782 3690 963 3748; x_wconf 89' lang='lat' dir='ltr'>retinuerunt</span> <span class='ocrx_word' id='word_1_354' title='bbox 982 3689 1087 3747; x_wconf 90' lang='lat' dir='ltr'>Harles</span> <span class='ocrx_word' id='word_1_355' title='bbox 1110 3694 1140 3748; x_wconf 89' lang='lat' dir='ltr'>et</span> <span class='ocrx_word' id='word_1_356' title='bbox 1157 3689 1265 3762; x_wconf 80' lang='lat' dir='ltr'>Julian,</span> 
     </span>
     <span class='ocr_line' id='line_1_37' title="bbox 140 3780 1265 3855; baseline 0.004 -17"><span class='ocrx_word' id='word_1_357' title='bbox 140 3786 258 3838; x_wconf 87' lang='lat' dir='ltr'>secutus</span> <span class='ocrx_word' id='word_1_358' title='bbox 278 3780 325 3838; x_wconf 90' lang='lat' dir='ltr'>hic</span> <span class='ocrx_word' id='word_1_359' title='bbox 345 3780 527 3854; x_wconf 84' lang='lat' dir='ltr'>Bekkerum,</span> <span class='ocrx_word' id='word_1_360' title='bbox 553 3781 600 3839; x_wconf 90' lang='lat' dir='ltr'>cui</span> <span class='ocrx_word' id='word_1_361' title='bbox 619 3782 723 3840; x_wconf 88' lang='lat' dir='ltr'>lusisse</span> <span class='ocrx_word' id='word_1_362' title='bbox 743 3782 895 3840; x_wconf 84' lang='lat' dir='ltr'>videbatur</span> <span class='ocrx_word' id='word_1_363' title='bbox 911 3789 1000 3855; x_wconf 92' lang='lat' dir='ltr'>poeta</span> <span class='ocrx_word' id='word_1_364' title='bbox 1017 3782 1150 3841; x_wconf 88' lang='lat' dir='ltr'>similiter</span> <span class='ocrx_word' id='word_1_365' title='bbox 1162 3782 1265 3842; x_wconf 86' lang='lat' dir='ltr'>Nonne</span> 
     </span>
     <span class='ocr_line' id='line_1_38' title="bbox 142 3869 1265 3952; baseline 0.002 -21"><span class='ocrx_word' id='word_1_366' title='bbox 142 3880 187 3945; x_wconf 85' lang='lat'>16,</span> <span class='ocrx_word' id='word_1_367' title='bbox 207 3880 244 3931; x_wconf 85' lang='lat'>88</span> <span class='ocrx_word' id='word_1_368' title='bbox 266 3869 353 3938; x_wconf 82' lang='grc' dir='ltr'><em>αὐτὸς</em></span> <span class='ocrx_word' id='word_1_369' title='bbox 372 3869 454 3949; x_wconf 78' lang='grc' dir='ltr'><em>ἐμοῖς</em></span> <span class='ocrx_word' id='word_1_370' title='bbox 476 3869 597 3950; x_wconf 85' lang='grc' dir='ltr'><em>ὤμοισιν</em></span> <span class='ocrx_word' id='word_1_371' title='bbox 617 3869 685 3952; x_wconf 77' lang='grc' dir='ltr'><em>έμην</em></span> <span class='ocrx_word' id='word_1_372' title='bbox 706 3871 821 3931; x_wconf 75' lang='grc' dir='ltr'><em>Νικαιαν</em></span> <span class='ocrx_word' id='word_1_373' title='bbox 842 3873 955 3950; x_wconf 81' lang='grc' dir='ltr'><em>ἀείρων.</em></span> <span class='ocrx_word' id='word_1_374' title='bbox 998 3874 1057 3934; x_wconf 79' lang='lat' dir='ltr'>»At</span> <span class='ocrx_word' id='word_1_375' title='bbox 1080 3876 1154 3934; x_wconf 83' lang='lat' dir='ltr'>haec</span> <span class='ocrx_word' id='word_1_376' title='bbox 1180 3873 1265 3933; x_wconf 83' lang='lat' dir='ltr'>valde</span> 
     </span>
     <span class='ocr_line' id='line_1_39' title="bbox 144 3966 1265 4041; baseline 0.003 -18"><span class='ocrx_word' id='word_1_377' title='bbox 144 3966 259 4024; x_wconf 86' lang='lat' dir='ltr'>diversa</span> <span class='ocrx_word' id='word_1_378' title='bbox 279 3972 354 4039; x_wconf 89' lang='lat' dir='ltr'>snut,</span> <span class='ocrx_word' id='word_1_379' title='bbox 376 3967 510 4038; x_wconf 89' lang='lat' dir='ltr'>quodque</span> <span class='ocrx_word' id='word_1_380' title='bbox 531 3971 599 4039; x_wconf 91' lang='lat' dir='ltr'>apte</span> <span class='ocrx_word' id='word_1_381' title='bbox 621 3966 694 4024; x_wconf 82' lang='lat' dir='ltr'>dixit</span> <span class='ocrx_word' id='word_1_382' title='bbox 710 3968 837 4040; x_wconf 79' lang='lat' dir='ltr'>Nonum,</span> <span class='ocrx_word' id='word_1_383' title='bbox 857 3966 993 4040; x_wconf 83' lang='lat' dir='ltr'>frigidum</span> <span class='ocrx_word' id='word_1_384' title='bbox 1016 3974 1094 4027; x_wconf 91' lang='lat' dir='ltr'>esset</span> <span class='ocrx_word' id='word_1_385' title='bbox 1113 3967 1192 4041; x_wconf 90' lang='lat' dir='ltr'>apud</span> <span class='ocrx_word' id='word_1_386' title='bbox 1212 3966 1265 4026; x_wconf 81' lang='lat' dir='ltr'>Co·</span> 
     </span>
     <span class='ocr_line' id='line_1_40' title="bbox 140 4058 1263 4133; baseline 0.001 -16"><span class='ocrx_word' id='word_1_387' title='bbox 140 4058 261 4120; x_wconf 83' lang='lat' dir='ltr'>lothum.</span> <span class='ocrx_word' id='word_1_388' title='bbox 290 4059 374 4118; x_wconf 87' lang='lat' dir='ltr'>Hune</span> <span class='ocrx_word' id='word_1_389' title='bbox 395 4060 551 4132; x_wconf 88' lang='lat' dir='ltr'>oportebat</span> <span class='ocrx_word' id='word_1_390' title='bbox 570 4060 686 4131; x_wconf 84' lang='lat' dir='ltr'>gravius</span> <span class='ocrx_word' id='word_1_391' title='bbox 706 4059 775 4131; x_wconf 90' lang='lat' dir='ltr'>qnid</span> <span class='ocrx_word' id='word_1_392' title='bbox 794 4061 965 4133; x_wconf 88' lang='lat' dir='ltr'>praedicare</span> <span class='ocrx_word' id='word_1_393' title='bbox 980 4061 1017 4120; x_wconf 89' lang='lat' dir='ltr'>do</span> <span class='ocrx_word' id='word_1_394' title='bbox 1032 4068 1128 4122; x_wconf 92' lang='lat' dir='ltr'>oestro</span> <span class='ocrx_word' id='word_1_395' title='bbox 1148 4061 1263 4132; x_wconf 89' lang='lat' dir='ltr'>amoris,</span> 
     </span>
    </p>
   </div>
   <div class='ocr_carea' id='block_1_3' title="bbox 0 0 1566 4656">
    <p class='ocr_par' dir='ltr' id='par_1_3' title="bbox 0 0 1566 4656">
     <span class='ocr_line' id='line_1_41' title="bbox 0 0 1566 4656; baseline 0 0"><span class='ocrx_word' id='word_1_396' title='bbox 0 0 1566 4656; x_wconf 95' lang='lat' dir='ltr'> </span> 
     </span>
    </p>
   </div>
  </div>
 </body>
</html>
