3122 4656
591 356 805 420 ..29-

129 537 236 612 Popoff
245 544 353 612 noster,
373 538 487 600 felicius
506 549 565 601 aa
586 537 629 599 ἐνλ
647 540 814 603 defendens.
845 545 877 604 Si
891 551 1044 618 utrumque
1064 562 1125 607 voe.
1147 564 1256 623 sanum,
1278 556 1282 563 '

127 630 252 709 χορείαις
272 633 450 708 interpretor
469 635 506 693 de
526 636 598 709 ipsis
618 637 648 694 in
661 637 716 695 Ida
734 644 832 698 monte
852 640 1027 700 saltantibus
1042 642 1102 699 sive
1116 641 1257 715 Nymphis

129 725 190 784 sive
211 727 382 800 virginibus,
402 729 506 801 quibus
521 744 552 788 se
565 728 646 814 fluuii
659 731 811 804 Nymphae
825 733 864 790 ad
877 749 1040 792 communes
1061 733 1254 794 instituendos

129 818 231 879 ohoros
245 821 376 895 misoent,
390 823 474 894 quasi
489 827 568 881 esset
583 818 701 902 Ἰδαίμσι
714 855 751 866 -
765 821 927 904 κόρρσιν,
949 832 1009 899 aut,
1023 828 1048 885 si
1068 827 1257 887 masculinum

128 909 287 986 ferendum,
307 910 434 971 Ἰὃαίοισι
456 947 490 957 -
509 918 718 993 χορευταῖς.
759 917 808 976 sio
827 915 1039 976 ἐπαντέλλεσθε
1058 921 1257 979 necessarium

119 1009 188 1065 est.
221 1007 281 1066 Sed
300 1006 320 1065 f.
331 1005 426 1087 χορός
446 1014 476 1067 et
493 1012 608 1087 χορεῖαι
628 1009 677 1068 hio
691 1026 748 1069 non
761 1012 869 1070 reutius
884 1012 1051 1085 iunguntur,
1073 1029 1158 1084 quam
1178 1030 1204 1071 v.
1219 1020 1256 1074 83

132 1097 275 1175 πλόκαμοι
295 1106 326 1159 et
342 1101 439 1179 χαίτη.
472 1102 600 1175 Elegaus
619 1105 672 1162 sed
690 1120 747 1164 non
765 1105 849 1164 nimis
868 1106 1019 1179 probabile
1041 1114 1119 1166 esset
1139 1103 1257 1185 ἕαπεροι

124 1189 171 1250 Ἰὃ.
194 1190 406 1252 ἐπαντέλλεοόε
423 1215 455 1273 χ.
476 1202 510 1255 nt
529 1192 655 1273 ἕσπερος
675 1198 764 1257 habet
783 1198 865 1257 Paul.
885 1200 934 1258 Sil.
950 1207 1056 1274 ep.,25.
1079 1207 1123 1260 28.
1157 1201 1256 1259 Minus

126 1288 225 1360 plaoet
244 1286 287 1352 εἷς
306 1283 377 1364 όρος
396 1304 422 1346 v.
443 1284 486 1354 ὡς
506 1288 601 1365 κόραι,
623 1296 674 1349 ant
688 1292 791 1362 siquis
809 1291 908 1351 infiue
929 1310 954 1351 v.
969 1292 1098 1369 πορείαις
1118 1299 1255 1368 tentaret,

128 1381 184 1439 etsi
208 1382 328 1440 Nonnus
354 1381 409 1440 hoo
433 1398 458 1443 v.
479 1381 660 1455 frequentat,
691 1391 722 1443 et
753 1387 795 1444 sic
821 1392 974 1459 utrumqne
1004 1388 1123 1447 verbum
1154 1404 1256 1448 conve-

126 1476 232 1535 niret«.
254 1509 289 1517 -
315 1474 334 1534 6
356 1474 578 1551 θεμιστοπόλοιο
591 1478 633 1536 Μ.
665 1511 700 1520 --
734 1478 867 1537 θεῖπατέ
886 1497 921 1539 ex
940 1479 1040 1538 εἷπατέ
1057 1482 1090 1539 Μ
1105 1487 1131 1555 2,
1157 1482 1206 1552 qui
1226 1482 1256 1539 in

125 1635 217 1692 marg.
230 1618 314 1678 addit
327 1613 444 1691 ἔσπετες
465 1615 573 1677 ἕοπετέ
584 1621 666 1682 APS
679 1625 734 1693 λιι,
750 1619 857 1681 ἕπεστέ
864 1625 899 1696 L,
913 1573 1032 1683 ἕσπετόιι
1041 1627 1077 1697 N,
1092 1643 1166 1685 oorr.
1176 1604 1253 1699 1111,

126 1708 214 1769 ἐπετέ
226 1713 260 1785 Q,
281 1708 386 1770 ἕσπετε
400 1714 445 1784 W,
469 1708 575 1771 ἔσπετέ
586 1716 649 1774 rell.
665 1714 731 1774 edd.
745 1723 814 1775 ante
828 1717 932 1789 Beklr,
954 1719 1004 1789 qui
1018 1716 1115 1776 εἴπατε
1134 1720 1256 1793 recepit,

128 1822 205 1877 aqua
225 1804 317 1866 forma
337 1808 399 1865 sola
425 1808 517 1865 utitur
536 1808 655 1867 Nonnus
680 1813 720 1881 (1,
734 1817 797 1869 128.
820 1816 846 1881 5,
857 1817 913 1869 459
935 1817 965 1869 et
985 1817 1049 1871 460.
1074 1819 1118 1883 13,
1140 1820 1187 1873 46.
1210 1820 1254 1886 16,

127 1906 193 1958 224.
215 1908 260 1972 21,
273 1903 318 1960 71.
340 1908 387 1975 as,
401 1909 444 1962 rs.
466 1908 512 1974 aa,
526 1908 589 1962 184.
610 1909 714 1975 3465.
736 1900 859 1975 411115.
882 1910 985 1976 41,11.
1008 1912 1054 1977 42,
1072 1913 1117 1964 ea.
1140 1908 1186 1978 47,
1199 1912 1254 1966 194

125 2000 157 2053 el
177 2003 233 2056 200
255 2002 285 2055 et
305 2005 361 2057 336
381 2003 412 2056 el
425 1996 530 2069 33'llu3
551 1995 727 2063 κελαδόντος
739 1998 796 2069 Μ.;
817 1994 865 2054 ἀπ’
889 1993 1039 2074 ὀρνύμεναι
1061 1998 1146 2057 OLR
1167 1998 1255 2076 ἀπορ-

121 2085 247 2198 ῥόμεναι
259 2122 301 2196 Μ,
322 2140 395 2182 corr.
410 2123 443 2181 M
457 2132 499 2195 a,
526 2125 607 2184 »Non
628 2124 744 2183 credam
767 2126 920 2198 scripsisse
944 2131 1061 2199 poetam
1081 2123 1255 2191 κελάδοντος

54 2217 59 2223 ’
125 2212 316 2292 ἀπορνύμεναι
335 2220 483 2293 ποταμοῖο.
516 2217 672 2290 Languent
693 2220 768 2276 enim
788 2219 861 2278 haec
881 2218 980 2287 verba,
1004 2217 1186 2290 debebatque
1201 2217 1255 2278 00·

123 2310 232 2380 luthus,
253 2310 279 2368 si
302 2312 452 2383 eleganter
475 2311 602 2373 seribere
620 2313 716 2386 vellet,
738 2313 850 2371 omissis
874 2328 963 2386 supra
983 2310 1112 2387 ποταμοῦ
1126 2308 1252 2370 Ξάνθοιο

125 2401 263 2481 γενέθλη,
295 2404 407 2477 dicere,
440 2403 541 2463 adeste
567 2421 585 2463 a
610 2403 760 2478 fluvio„a
785 2422 841 2477 quo
868 2406 938 2464 estis
967 2410 1139 2477 prognatae.
1181 2404 1255 2463 Sori-

124 2498 185 2570 psit
205 2513 283 2570 vero,

275 2654 279 2664 .
329 2605 429 2665 εἴπατέ
444 2628 503 2683 μοι,
524 2607 699 2674 κελάδοντος
718 2585 912 2684 ἀπορνύμενος
931 2608 1069 2682 ποταμοῖο

329 2698 367 2769 ἐξ
379 2698 472 2777 ὀρέων
485 2699 575 2758 πόθεν
589 2696 698 2787 ἦλθεν.
716 2701 873 2761 Auctorem
887 2702 1028 2761 habemus
1043 2703 1137 2775 ipsum
1150 2720 1176 2761 v.
1189 2705 1255 2763 'loa

122 2827 239 2886 Herm.
260 2847 288 2903 p.
305 2830 321 2888 l
342 2831 423 2888 ouius
445 2831 640 2890 coniecturam
655 2831 748 2887 minus
761 2831 957 2889 neeessariam
971 2830 1087 2902 reoepit
1099 2828 1202 2888 Lehrs.
1216 2862 1253 2872 -

122 2918 250 2999 ἧνορέων
285 2923 339 2993 (sio
368 2925 465 2997 potius
497 2940 582 2996 qnam
612 2920 751 3002 ῆωορέοιν
785 2924 862 2995 quod
894 2923 1023 2982 enotavit
1058 2921 1185 2993 Pressel)
1211 2921 1253 2995 Μ,

122 3011 160 3083 ἐξ
177 3013 269 3091 ὀρέων
288 3016 352 3074 rell.
367 3016 450 3076 codd.
473 3022 504 3075 et
524 3016 600 3090 edd,
620 3017 651 3074 in
671 3033 728 3088 qua
748 3018 893 3090 scripturo
912 3017 1022 3089 primus
1045 3015 1166 3075 offendit
1177 3016 1254 3075 Len-

121 3126 179 3184 nep
205 3110 280 3168 Arm.
306 3128 334 3183 p.
358 3117 412 3169 106
444 3109 637 3183 »Difficultas
668 3127 742 3182 quae
773 3113 803 3168 in
827 3111 882 3170 hoo
912 3113 975 3169 looo
1009 3110 1179 3183 explicando
1204 3109 1254 3168 ob-

124 3203 297 3262 versabatur
311 3202 474 3277 aliquando,
495 3204 676 3276 potissimum
696 3205 726 3261 in
746 3203 853 3263 additis
874 3205 990 3263 vooibus
1011 3199 1048 3272 ἐξ
1065 3201 1161 3281 ὀρέων
1180 3205 1253 3262 resi·

122 3293 186 3366 det;
215 3300 284 3353 sunt
304 3295 379 3354 enim
399 3296 486 3369 plane
507 3298 608 3355 otiosa⁴
625 3302 655 3355 et
673 3299 771 3356 nescio
792 3301 929 3369 quantam
951 3298 1019 3355 huis
1037 3299 1102 3357 loeo
1123 3294 1253 3355 adimunt

121 3394 314 3447 venustatem.
344 3388 496 3448 Brodaeus
517 3390 636 3461 quidem
652 3390 689 3449 de
702 3391 846 3451 montibus
860 3392 966 3464 Idaeis,
988 3391 1037 3450 ubi
1051 3391 1135 3449 Paris
1154 3394 1253 3463 pater·

120 3498 174 3540 nas
195 3498 263 3541 oves
284 3480 418 3554 ducebat,
440 3484 591 3555 intelligit:
614 3501 699 3556 quam
719 3486 992 3558 interpretationem
1015 3489 1045 3543 et
1066 3501 1119 3557 ego
1140 3484 1169 3541 in
1189 3500 1252 3543 ver·

122 3576 204 3635 sione
225 3576 343 3648 agnovi:
370 3576 422 3634 sed
444 3578 490 3635 vol
516 3577 559 3636 sio
579 3577 681 3636 durum
702 3577 771 3636 addi
791 3576 863 3636 illud
883 3575 920 3646 ἐξ
936 3575 1039 3654 ὀρέων.
1084 3576 1155 3637 (lum
1177 3577 1252 3639 enim

121 3669 272 3743 Nymphas
292 3669 428 3743 imploret
447 3675 547 3729 noster
566 3677 599 3729 nt
617 3671 779 3730 indicarent
798 3673 907 3744 locum,
928 3670 1005 3729 unde
1026 3672 1139 3730 venerit
1158 3670 1250 3745 Paris,

120 3763 189 3822 dum
211 3763 250 3822 ad
270 3763 412 3822 Helenam
432 3761 673 3837 proficisceretur,
695 3766 773 3825 nullo
793 3764 879 3825 modo
901 3768 981 3824 route
1001 3765 1151 3838 montium,
1172 3780 1207 3824 ao
1226 3765 1252 3825 si

120 3858 180 3917 iam
207 3856 339 3929 cognitus
368 3854 459 3929 foret,
491 3859 599 3917 mentio
622 3859 670 3917 hio
694 3858 735 3918 fit.
774 3859 851 3917 Hine
882 3859 1009 3932 suspicio
1042 3860 1150 3918 dudum
1182 3859 1252 3921 milri

120 3951 246 4011 subnata
265 3948 328 4021 fuit,
350 3948 506 4011 Goluthnm
525 3951 642 4012 dedisse
662 3950 788 4029 ἐξερέω,
808 3950 897 4011 πόθεν
916 3946 1004 4030 ἦλθεν
1030 3950 1125 4030 ἀήθεα
1149 3949 1254 4012 πόντον

119 4040 248 4103 ἐλαύνων
261 4085 269 4100 .
284 4088 292 4105 .
306 4086 314 4103 .
328 4044 438 4105 Verum
453 4062 523 4106 oum
543 4063 579 4106 ne
593 4047 636 4106 sio
649 4048 726 4107 omni
739 4047 911 4106 difficultate
924 4050 1025 4106 eareat
1037 4049 1118 4107 loous
1138 4051 1247 4115 noster,
