3122 4656
783 305 990 368 ..44-

324 491 520 550 coniecturam
541 488 723 562 improbavit,
746 489 814 561 »qui
832 506 902 548 casu
916 494 1020 561 quarto
1033 484 1094 565 ἔριν
1108 505 1144 547 ex
1156 488 1237 548 libris
1251 489 1449 549 deterioribus

324 589 443 655 recepto
467 599 525 642 non
549 582 641 641 solum
666 581 796 641 ultimam
821 582 898 642 vocis
922 578 1014 660 μήλου
1040 581 1180 655 syllabam
1199 588 1300 642 contra
1320 582 1450 642 Oolluthi

324 674 559 736 consuetudinem
579 675 719 747 corripuit
745 679 782 744 (v.
803 675 936 734 Schneid.
958 693 985 748 p.
1001 681 1070 745 411)
1095 677 1226 747 maleque
1256 676 1328 734 elisa
1352 676 1450 735 vocali

324 767 494 840 particulam
516 764 550 824 τέ
568 768 598 837 [a
619 766 752 826 Oollutho
774 783 915 839 nusquam
937 774 1104 841 usurpatam
1124 767 1175 826 cfr.
1190 767 1227 826 ad
1242 786 1267 826 ν.
1284 771 1351 840 104]
1371 768 1450 826 inse·

323 860 382 918 ruit
402 863 440 930 (ν.
454 859 554 920 Ludu.
570 859 666 931 Symb.
681 862 745 919 crit.
760 879 790 935 p.
805 868 855 932 34)
876 861 928 920 sed
948 863 1036 920 etiam
1056 877 1131 933 quae
1150 862 1227 920 inter
1244 877 1276 920 se
1289 862 1448 920 cohaerere

323 959 546 1013 consentaneum
573 959 619 1011 est
645 953 796 1030 πτολέμοιο
822 952 998 1030 προάγγελον
1022 949 1107 1029 ἔρνος
1132 954 1195 1024 (cfr.
1220 970 1305 1026 quem
1330 969 1446 1012 versum

323 1044 475 1107 Bekkerus
496 1046 595 1104 attulit
613 1046 698 1106 Dion.
712 1047 784 1105 XXI
805 1054 860 1107 225
882 1041 981 1104 ἔννεπε
1000 1043 1049 1105 καὶ
1068 1044 1201 1120 πολέμοιο
1214 1043 1377 1121 προάγγελον
1396 1043 1446 1123 σή-

320 1156 400 1213 ματα
419 1139 540 1214 φαίνων)
566 1140 613 1197 vix
637 1146 716 1199 recte
745 1140 909 1199 distraxit«.
952 1140 1040 1198 »Post
1059 1155 1083 1196 v.
1101 1147 1135 1199 61
1157 1141 1202 1197 vel
1227 1139 1312 1197 deest
1336 1154 1446 1210 versus,

323 1231 373 1302 qui
392 1230 481 1289 verba
494 1231 601 1301 Eridis,
622 1233 689 1289 mali
701 1234 852 1305 originem,
868 1250 896 1292 n.
911 1232 1101 1304 pulcerrimae
1121 1230 1247 1289 dandum
1262 1246 1326 1289 esse
1339 1230 1446 1288 malum

323 1323 460 1395 reddidit,
470 1324 517 1382 vel
530 1323 678 1382 Colluthus
690 1326 888 1397 negligentiae
899 1323 1073 1383 incusandae
1084 1330 1157 1382 est«.
1172 1324 1309 1382 Harles.
1323 1356 1350 1364 -
1362 1321 1446 1397 βασι·

324 1415 392 1495 λήος
404 1434 457 1489 pro
475 1417 643 1494 παράκοιτις
661 1434 779 1491 prorsus
799 1419 896 1478 otioso
917 1424 947 1477 et
967 1434 1004 1476 ex
1023 1418 1120 1490 glossa
1133 1416 1284 1476 verborum
1298 1415 1396 1491 dyall.
1412 1414 1445 1471 Δ.

323 1504 380 1567 εύν.
399 1511 431 1568 in
450 1517 560 1570 textum
580 1512 662 1570 illato
689 1512 764 1569 male
789 1512 861 1573 coni.
900 1511 1041 1571 Toumier
1060 1529 1088 1584 p.
1105 1518 1149 1571 16.
1177 1542 1209 1551 -
1239 1506 1283 1567 62
1304 1506 1444 1586 κινήσασα

323 1603 407 1673 codd.
428 1610 458 1661 et
477 1604 541 1662 edd.
564 1611 631 1662 ante
645 1603 773 1679 'Lehrsg
801 1601 947 1682 δινήσασα
968 1606 1025 1662 iam
1045 1610 1113 1663 ante
1132 1620 1178 1662 me
1203 1603 1276 1666 coni.
1296 1602 1444 1660 Hermann

323 1713 352 1768 p.
367 1703 402 1754 12
425 1697 513 1768 »Quis
533 1696 635 1755 credat
657 1697 771 1756 etiamsi
791 1698 833 1758 sio
854 1698 932 1769 loqui
951 1698 1034 1756 licuit
1053 1703 1167 1770 poetae,
1188 1702 1284 1754 tamen
1301 1695 1444 1751 neminem

324 1788 469 1847 exstitisse
492 1790 542 1861 qui
568 1785 710 1867 δινήσασα
734 1795 937 1863 reponerem«,
959 1797 989 1849 et
1008 1790 1138 1849 laudavit
1159 1790 1234 1847 hanc
1256 1788 1444 1847 mutationem

323 1881 434 1942 Tiedke
449 1885 491 1954 (in
505 1884 613 1943 Herma
622 1883 697 1942 XIII
709 1901 738 1956 p.
753 1887 836 1955 354,)
850 1884 900 1943 ubi
914 1885 1009 1942 allatis
1023 1882 1153 1942 versibus
1166 1882 1250 1940 Dion.
1264 1881 1371 1939 11407.
1386 1879 1442 1937 XX

324 1982 380 2035 502
400 1975 497 2055 (χερσὶ
510 1975 544 2035 δὲ
558 1974 719 2049 δινεύουσα)
739 1977 862 2035 XXXIV
877 1984 933 2037 304
949 1985 979 2035 et
991 1976 1115 2035 XXXVI
1136 1972 1223 2052 (χερὶ
1235 1971 1269 2031 δὲ
1281 1970 1442 2035 δινεύουσα)

322 2068 469 2128 vocabulis
488 2067 575 2127 δινέιυ
595 2077 626 2130 et
644 2066 746 2127 δινεύοι
768 2071 884 2142 saepius
903 2070 1035 2129 Nonnum
1057 2085 1138 2127 usum
1159 2082 1224 2125 esse
1242 2066 1383 2139 probavit.
1404 2096 1442 2108 -

324 2159 364 2220 63
375 2159 493 2237 pelides
513 2161 587 2234 (trit
601 2163 697 2233 credo,
708 2161 838 2239 μόχθου)
855 2161 892 2233 03
910 2179 1116 2238 πρωτοσπυρυν
1129 2160 1171 2232 Μ,
1190 2157 1388 2234 προτόσπυρον
1402 2157 1438 2228 G3

323 2248 439 2330 ἔρριψεν
445 2254 509 2312 Ald.
521 2256 647 2314 correxit
656 2254 858 2327 Fulkenburg3
870 2254 970 2332 χῶρον
979 2255 1012 2312 Μ
1018 2272 1026 2326 3
1037 2249 1123 2330 ὧρινε
1133 2254 1170 2324 Q3
1178 2284 1213 2294 -
1226 2250 1268 2309 64
1279 2248 1383 2307 κέκλεο
1394 2248 1443 2306 καὶ
1544 2254 1545 2299 l

322 2343 376 2423 ήρή
386 2347 410 2404 Ρ
420 2363 456 2405 ex
467 2366 491 2405 v.
507 2350 557 2419 ta;
576 2347 753 2426 παράκοιτής
765 2356 832 2407 ante
846 2365 920 2407 corr.
931 2348 976 2419 Μ;
997 2345 1229 2422 ἀγαλλομενήΜ;
1250 2341 1315 2423 εὐνή
1325 2345 1366 2416 Μ,
1376 2340 1442 2421 εύνή

325 2439 363 2511 Q;
374 2472 409 2480 -
425 2438 466 2498 65
479 2437 568 2518 ήδελε
582 2439 727 2518 λήῑζεσδαι
737 2442 782 2512 Μ;
797 2473 834 2482 -
849 2439 902 2499 66.
917 2440 1001 2497 Ηυυυ
1013 2455 1127 2497 versum
1140 2438 1190 2509 qui
1203 2438 1232 2494 in
1241 2438 1274 2495 M
1287 2443 1354 2510 post
1366 2454 1391 2495 v.
1405 2445 1441 2497 68
1543 2486 1544 2495 ,

321 2532 442 2605 legitur,
469 2534 604 2592 omittunt
628 2533 711 2591 codd.
732 2533 804 2590 dett.
826 2538 857 2592 et
877 2532 942 2591 edd.
963 2547 1061 2591 omnes
1090 2536 1158 2589 ante
1177 2530 1279 2589 Lehrs.
1300 2546 1357 2588 sec.
1378 2546 1441 2588 cum
1543 2528 1544 2549 ¹

321 2639 377 2682 non
407 2625 643 2683 animadverterit
672 2623 789 2682 Bekker
822 2640 886 2681 eum
913 2625 943 2680 in
968 2623 1000 2680 M
1033 2629 1141 2680 extare.
1187 2623 1298 2681 Primus
1329 2639 1439 2681 versum

321 2716 414 2774 edidit
432 2717 467 2775 Ε.
481 2718 580 2776 Miller
601 2706 711 2791 ›Eloge
732 2718 769 2777 de
788 2719 819 2776 la
840 2717 1017 2777 Chevelure«
1039 2734 1066 2789 p.
1083 2724 1127 2775 la.
1150 2719 1195 2774 17.
1226 2735 1279 2793 ήρή
1299 2713 1329 2771 δ’
1348 2736 1382 2773 ου
1394 2716 1440 2786 Μ;

320 2805 507 2887 οὐχυποεικεν
526 2812 574 2883 Μ,
600 2828 674 2882 quae
694 2813 785 2870 tacite
810 2812 936 2870 correxit
959 2810 1089 2879 Pressel,
1115 2810 1171 2868 nisi
1195 2808 1272 2881 quod
1296 2806 1349 2887 ήρή
1373 2802 1440 2867 scri-

321 2903 394 2974 psit,
419 2907 564 2961 retentum
585 2905 672 2962 etiam
693 2921 711 2962 a
731 2904 907 2964 Schneidero
927 2921 955 2977 p.
970 2910 1035 2962 414.
1068 2897 1138 2981 Ἥοή
1159 2918 1213 2975 ego
1237 2903 1340 2975 scripsi
1360 2917 1442 2975 prae·
1542 2954 1543 2957 ,

291 2986 408 3051 'eunte
426 2994 557 3054 Lehrsio.
598 2996 642 3055 De
664 2998 766 3055 lacuna
788 2997 927 3069 cogitavit
948 2997 1005 3055 iam
1030 2996 1159 3068 Lennep,
1180 2996 1261 3053 cuius
1280 2995 1353 3053 haec
1375 3000 1442 3053 sunt
1542 3000 1543 3033 l

320 3084 422 3144 verba:
454 3088 564 3147 »Miror
583 3106 619 3147 ne
643 3090 793 3149 verbulum
813 3090 928 3161 quidem
950 3089 1019 3147 addi
1039 3088 1075 3147 de
1095 3089 1241 3160 Minerva,
1262 3104 1325 3145 cum
1345 3094 1441 3146 tamen

322 3184 352 3236 et
371 3180 423 3238 illa
442 3182 519 3253 pomi
534 3183 615 3240 aurei
632 3184 704 3242 miro
726 3183 881 3241 tenebatur
900 3182 1054 3250 desiderio,
1074 3196 1167 3252 aeque
1187 3187 1275 3252 atque
1294 3180 1390 3238 Venus
1412 3187 1441 3238 et
1541 3194 1542 3273 ή

321 3271 402 3332 Ιυυυ.
443 3273 519 3331 Hinc
538 3276 669 3347 suspicor
690 3275 792 3334 deesse
812 3276 984 3334 versiculum
1004 3291 1091 3334 unum
1112 3279 1163 3332 aut
1183 3274 1314 3344 alterum,
1335 3272 1385 3332 ubi
1404 3273 1440 3332 de
1541 3284 1542 3335 l

319 3364 454 3424 Minerua
477 3373 627 3440 ageretur,
648 3374 678 3427 et
698 3369 814 3440 quidem
834 3376 901 3442 post
919 3385 1032 3427 versum
1047 3375 1113 3426 64«.
1154 3369 1188 3425 In
1208 3367 1328 3425 eandem
1349 3368 1440 3439 suspi-
1541 3358 1542 3399 λ

319 3460 429 3519 monem
455 3460 617 3518 inciderunt
647 3462 739 3520 Iulien
766 3469 797 3521 et
822 3460 968 3535 Graefius,
993 3463 1041 3533 qui
1067 3463 1126 3520 tale
1152 3460 1293 3520 distichon
1319 3461 1439 3533 periisse

320 3554 432 3625 putavit
451 3571 479 3626 p.
495 3560 564 3612 244:

474 3675 590 3744 Παλλὰς
609 3678 649 3752 δ’,
672 3677 718 3736 οἷα
739 3678 805 3746 Διὸς
826 3678 954 3755 θυγάτηρ
975 3676 1138 3753 Κρονίωνος
1157 3678 1285 3758 ἀμήτωρ,

473 3771 534 3851 νύιή
555 3770 720 3850 τερπομένη,
739 3770 892 3853 ιςυεσβήῖυν
911 3765 981 3849 ᾔτεε
1002 3770 1089 3862 glane.

319 3907 456 3966 Lacunae
469 3907 552 3979 signa
565 3908 673 3980 primus
689 3908 787 3980 posuit
799 3906 892 3965 Lehra
907 3906 936 3963 in
950 3907 1045 3979 prima
1058 3905 1195 3979 editione,
1216 3905 1333 3965 iubente
1352 3905 1438 3963 etiam

319 4001 484 4059 Hermanno
499 4017 526 4072 p.
542 4007 585 4059 12.
615 4001 654 4058 Et
669 3998 755 4057 λείπει
768 4016 786 4058 a
799 4000 893 4072 prima
907 4016 994 4057 manu
1006 4001 1083 4059 inter
1097 4018 1140 4059 vv.
1152 4007 1188 4058 66
1204 4004 1233 4056 et
1247 4001 1282 4057 67
1297 3999 1355 4056 iam
1370 3998 1399 4054 in
1412 3997 1438 4055 N
