3122 4656
663 348 853 458 45..

198 576 310 660 burgii
341 575 492 658 anonymi
513 575 679 642 cuiusdam
708 574 794 643 docti
816 576 970 662 (Danielis
991 578 1129 661 Heinsii‚
1156 579 1207 647 val
1233 582 1321 669 quod

197 687 275 753 mihi
297 686 498 771 probabilius
521 687 663 767 videtur,
692 687 841 757 Gulielmi
865 688 1006 774 (lauteri)
1028 691 1190 772 Dorvillii,
1213 691 1320 761 Ruhn-

196 797 282 862 kenii
310 803 344 862 et
368 798 468 880 ipsius
489 797 643 880 Lennepii
668 818 738 864 eum
761 798 950 875 lectionibus
972 800 1245 885 neglegentissime
1262 822 1320 870 *ox-

196 908 313 990 cerptis
335 916 392 973 sex
414 907 569 988 codicum,
585 909 787 975 Ambrosiam
810 910 892 990 dico,
915 910 1138 993 Laurentium,
1162 911 1318 994 Vossiani,

67 1024 69 1026 ’
196 1018 400 1097 Reimariani‚
418 1019 554 1084 duorum
575 1019 801 1087 Parisinornm.
839 1019 1039 1086 Difficiliores
1058 1018 1198 1087 Colluthi
1211 1020 1320 1095 looiin

202 1128 560 1220 »Animadversionibus
575 1130 618 1195 ad
634 1129 832 1197 Oolluthnm‹
852 1131 984 1196 editioni
998 1131 1174 1198 subiunctis
1188 1133 1320 1200 tractati

77 1258 79 1262 ·
196 1246 287 1321 sunt,
317 1240 373 1304 ubi
399 1242 496 1306 etiam
524 1242 564 1306 de
590 1240 761 1307 multorum
784 1242 919 1317 aliorum
941 1243 1131 1326 scriptorum
1152 1243 1230 1311 loeis
1252 1264 1320 1311 cor·

196 1351 300 1434 ruptis
322 1353 424 1417 fusius
446 1352 561 1434 agitur.
605 1352 697 1418 Hanc
727 1354 898 1419 editionem
920 1355 999 1420 satis
1020 1355 1141 1421 cultam
1162 1355 1220 1423 aed
1240 1354 1317 1422 Len·

199 1461 285 1543 nepii
308 1462 541 1544 suspicionibus
564 1483 662 1546 saepe
685 1464 815 1531 minime
836 1455 1022 1530 necessariis
1046 1469 1079 1530 et
1093 1484 1318 1548 nonnunquam

194 1571 284 1637 falsis
306 1572 399 1637 nimis
427 1573 580 1638 refertam
608 1579 782 1658 antequam
809 1575 918 1640 recudi
945 1574 1022 1640 lacit
1047 1573 1086 1640 G.
1107 1573 1148 1640 H.
1169 1574 1321 1645 Schaeler

197 1681 297 1765 (Lips.
317 1684 428 1765 1825),
447 1684 584 1747 Bandini
604 1684 651 1749 ita
670 1684 701 1750 in
726 1705 818 1749 suum
837 1705 929 1749 usum
949 1686 1105 1759 convertit
1126 1684 1320 1770 (Florentiae

200 1794 297 1877 1765)
312 1797 349 1857 nt
364 1815 427 1860 non
442 1794 545 1858 solum
560 1798 683 1860 textum
698 1801 731 1860 et
745 1799 838 1862 notas
852 1816 961 1860 verum
977 1796 1073 1861 etiarn
1087 1795 1319 1879 praefationem

194 1902 228 1967 in
252 1903 398 1969 Italicum
421 1924 546 1970 versam
575 1906 715 1971 auctoris
741 1906 868 1969 nomine
898 1927 939 1970 ne
971 1911 1219 1974 commemorato
1252 1906 1320 1991 qni·

196 2012 268 2079 dem
297 2015 455 2097 receperit
479 2020 512 2080 et
538 2014 618 2089 nihil
639 2015 700 2080 nisi
729 2015 879 2080 Italicam
903 2016 1034 2081 Antonii
1055 2015 1178 2082 Mariae
1200 2016 1319 2083 Salvini

197 2124 372 2191 versionem
402 2125 573 2191 addiderit.
622 2124 774 2208 Lennepii
800 2123 977 2191 versionem
1004 2125 1138 2190 latinam
1166 2131 1200 2192 et
1227 2129 1318 2195 notas

197 2253 422 2316 nonnunquam
456 2236 590 2302 feliciter
622 2235 762 2300 correxit
793 2235 959 2319 Philippus
991 2236 1077 2318 Scio,
1112 2236 1169 2319 qui
1195 2237 1320 2309 matriti

198 2364 283 2411 anno
307 2346 390 2410 1770
417 2345 520 2410 edidit
542 2345 722 2411 Oolluthum
751 2345 866 2411 addita
894 2366 1021 2429 quoque
1041 2346 1186 2414 versione
1206 2347 1321 2433 Hispa·

195 2458 267 2521 nica
295 2457 337 2522 ab
365 2457 489 2540 Ignatio
518 2457 637 2524 Garcia
661 2457 817 2524 coniecta.
860 2457 949 2549 Nihil
974 2461 1086 2523 tamen·
1105 2458 1146 2524 de
1167 2457 1321 2542 Lennepii

197 2565 336 2632 editione
364 2567 539 2634 innotuisse
566 2568 692 2633 videtur
713 2567 834 2650 Angelo
860 2568 1027 2634 Theodoro
1048 2566 1153 2634 Villae
1180 2568 1234 2653 qui
1255 2567 1321 2636 Ma-

197 2677 317 2744 diolani
338 2699 422 2744 anno
447 2678 528 2743 1753
551 2678 595 2744 ad
616 2678 735 2743 codicis
757 2675 960 2743 Ambrosiani
981 2676 1080 2744 fidem
1102 2677 1203 2744 edidit
1218 2678 1320 2744 collus

196 2789 288 2854 thum
310 2789 432 2854 additis
453 2789 538 2852 notis
559 2788 602 2852 ad
623 2787 866 2871 grammaticam
887 2790 922 2854 et
942 2785 1172 2870 mythologiam
1194 2787 1320 2870 potissi,-

195 2920 282 2970 mnm
296 2898 540 2982 pertinentibus.
567 2898 687 2964 Contra
701 2901 790 2963 totus
801 2896 868 2963 fere
884 2917 923 2962 ex
934 2896 1098 2981 Lennepio
1108 2896 1229 2981 pendet
1238 2897 1320 2966 Han

199 3008 295 3075 lesius
318 3008 563 3091 (Norimbergae
580 3010 671 3087 1776,
691 3012 767 3091 post
779 3006 1004 3090 Aristophanis
1018 3006 1161 3092 Plutum)
1183 3008 1237 3092 qui
1251 3005 1319 3092 pln-

197 3119 296 3183 rimas
310 3119 463 3203 Lennepii
485 3117 737 3195 coniecturas-in
760 3121 851 3183 textu
872 3118 1012 3199 retinnit,
1035 3123 1069 3187 et
1083 3139 1147 3199 eas,
1170 3137 1250 3203 quaa
1270 3138 1320 3186 ra-

197 3230 305 3314 cipere
326 3251 422 3295 ausus
437 3248 500 3296 non
515 3233 572 3310 est,
588 3230 620 3294 in
635 3230 719 3294 notis
733 3228 886 3295 laudavit.
900 3267 943 3279 -
957 3229 1101 3315 Denique
1114 3267 1156 3280 -
1170 3230 1320 3314 quonism

196 3361 278 3426 qnae
300 3339 476 3406 Immanuel
503 3339 536 3405 in
565 3337 919 3405 »Animadversionibns
950 3336 994 3404 ad
1022 3338 1161 3406 colluthi
1189 3357 1320 3406 carmrm

194 3471 267 3516 cum
296 3452 471 3534 specimine
501 3449 653 3515 versionis
674 3448 896 3532 germanicae«
922 3449 1115 3532 (Hambmg.
1141 3449 1235 3514 1809.
1257 3451 1319 3516 159

195 3564 282 3645 pag.)
305 3561 349 3626 ad
364 3560 546 3627 Colluthum
562 3542 795 3627 emendandum
811 3558 982 3625 contulerit
996 3578 1099 3643 nequa
1113 3558 1194 3624 mihi
1214 3579 1319 3644 neque

195 3669 329 3754 reliquis
344 3676 420 3736 ante
430 3690 483 3736 me
497 3669 672 3736 editoribus
682 3669 898 3746 innotuerunt,
913 3706 955 3717 -
969 3689 1084 3735 novam
1099 3668 1183 3734 viam
1197 3668 1318 3753 primns

70 3792 75 3805 ·
119 3850 128 3867 ‚
194 3782 381 3865 ingressisse
407 3779 584 3847 credendus
613 3784 662 3846 est
687 3779 779 3844 Imm·
801 3778 927 3846 Bskker
955 3778 1073 3864 (Berol.
1102 3779 1211 3862 1816).
1258 3776 1319 3845 flio

195 3891 279 3958 anim
302 3896 473 3975 praeterea
487 3890 574 3974 quod
589 3889 785 3955 deteriorum
806 3888 950 3955 codicum
964 3888 1116 3956 lectiones
1133 3909 1151 3955 6
1165 3887 1318 3973 Lennepii

195 4001 336 4068 editione
350 3999 626 4083 neglegentissime
641 4004 808 4083 excerptas
830 4002 864 4065 et
878 3997 995 4066 codicis
1010 3998 1151 4066 (iothani
1165 3997 1318 4065 lectiones

199 4133 220 4178 a
233 4111 397 4178 Passovvio
413 4110 520 4195 primo
534 4109 692 4177 indicatas
707 4109 740 4174 in
755 4129 847 4174 suam
862 4107 1034 4176 editionem
1047 4107 1178 4193 recepit,
1193 4110 1317 4174 tontum
