3108 4662
712 332 948 395 -122-

267 502 384 562 demum
405 499 476 579 ὑπὲρ
497 500 604 579 τεγέων
624 503 667 574 (in
687 500 869 561 conclavibus
889 501 1034 574 supernis)
1054 498 1178 561 coniecit
1198 517 1234 559 ex
1253 500 1397 575 Trypbio·

267 596 344 657 doro
358 598 413 656 547
436 598 568 673 γυναῖκες
586 592 656 673 ὑπὲρ
677 592 785 669 τεγέων
804 590 932 667 ἁΐοοοαι,
957 593 1028 651 licet
1046 610 1102 654 nou
1122 594 1300 667 ignoraverit
1323 591 1397 671 ὑπὲρ

274 687 387 769 λεχέων
401 691 488 749 etiam
503 690 580 764 apud
593 690 726 750 Nonnum
741 688 889 760 (711318)
904 694 1013 747 extare.
1027 720 1062 730 -
1082 686 1145 748 876
1163 687 1297 765 μελεηκα
1316 707 1400 753 τινας

272 780 444 859 προλέλοιπα
464 786 599 861 γυναῖκας
611 783 653 855 Μ,
674 782 751 841 unde
771 782 947 841 deteriorum
960 782 1091 842 codicum
1106 786 1136 840 et
1150 782 1308 842 editionum
1321 783 1390 842 scri·

268 880 384 950 pturem
403 874 574 953 προλέλοιπα
592 873 672 941 πίνας
688 872 822 952 μεθέηκα
834 876 943 935 mutavi
956 875 1097 935 suadente
1111 877 1199 935 etiam
1214 876 1395 936 Schneidero

269 988 297 1043 p.
312 976 378 1029 416.
419 967 535 1029 Graefio
555 985 583 1042 p.
599 971 654 1027 257
675 969 704 1025 in
725 968 757 1025 M
783 967 850 1025 libri
876 968 1021 1040 scriptura
1046 970 1126 1025 ποῖον
1151 964 1223 1045 ὄρος
1244 966 1398 1046 pedesne,-

269 1063 345 1121 πίνοι
364 1060 534 1139 προλέλοιπα
554 1061 617 1119 τίν’
638 1058 766 1137 ἄγκεα·
786 1061 878 1120 latere
897 1062 989 1120 usum
1009 1066 1083 1135 erat,
1105 1062 1264 1135 »synimsin
1285 1067 1394 1131 tamem

270 1157 364 1230 qualis
385 1156 415 1214 in
440 1152 534 1231 ἄγκεα
559 1160 650 1227 esset,
677 1156 822 1214 evitarunt
844 1155 876 1213 bi
895 1155 991 1214 Nouni
1018 1163 1192 1229 sectatores3
1217 1160 1398 1216 conuactnm

269 1256 367 1310 autem
389 1245 463 1325 ἄγκη
482 1249 567 1306 nimis
587 1265 606 1308 a
626 1248 697 1308 Ood.
710 1249 743 1307 M
762 1248 883 1307 recedit.
923 1249 1026 1321 Neque
1053 1250 1211 1323 repetitum
1237 1249 1310 1308 illud
1334 1248 1399 1307 τίνα

271 1346 342 1403 satis
363 1350 434 1418 apte
453 1344 587 1416 positum.
628 1344 674 1401 An
693 1341 818 1402 fortasse
838 1338 981 1418 σι’νναγκος
1001 1343 1124 1416 dietum,
1150 1350 1183 1403 ut
1202 1343 1396 1420 οονάγκειαλι

272 1437 428 1496 Caeterum
438 1434 565 1511 bpooW3
580 1434 711 1501 κολῶναι
721 1435 885 1506 cNPWa3
895 1433 1028 1510 μεθέλκα
1035 1436 1069 1493 L.
1080 1468 1118 1480 -
1133 1437 1286 1510 Sequentia
1297 1457 1400 1500 versus

271 1532 345 1604 loco,
368 1546 452 1603 quem
467 1529 625 1589 Schneider
643 1528 700 1587 huc
720 1528 906 1601 transposuit
927 1528 995 1586 olim
1016 1529 1168 1601 legebatur
1182 1549 1208 1589 v.
1224 1540 1289 1606 388,
1310 1550 1396 1607 quem

271 1625 395 1682 lacunae
420 1624 509 1695 signis
534 1628 602 1695 post
625 1639 651 1681 v.
672 1625 727 1681 375
753 1622 856 1694 positis
881 1621 1001 1695 Lennep
1032 1624 1125 1684 minus
1155 1627 1304 1686 commode
1329 1635 1399 1701 post

271 1736 297 1777 v.
317 1719 373 1776 378
398 1723 589 1789 transponere
620 1715 724 1787 voluit,
753 1715 896 1788 probante
926 1715 1069 1777 Harlesio.
1116 1717 1224 1777 Contra
1248 1719 1397 1781 Graefius:

271 1811 349 1871 Ante
372 1811 449 1869 hunc
470 1827 581 1868 versum
610 1814 728 1882 »aperte
755 1809 786 1866 id
810 1808 907 1878 deest,
932 1809 1117 1870 Hermionam
1143 1813 1323 1883 quaesivisse
1348 1813 1399 1886 (cf.

271 1921 297 1963 v.
325 1908 393 1977 386)
418 1910 540 1965 matrem
566 1902 672 1974 ubique
697 1903 754 1970 ita,
790 1906 824 1960 nt
847 1902 957 1960 nullum
981 1910 1108 1962 montem
1136 1908 1394 1982 praetermitteret,

273 2004 307 2057 ut
325 2016 351 2059 v.
366 2001 422 2058 374
444 1997 558 2056 dieitur.
597 1996 655 2056 Sed
675 1996 722 2054 hie
741 2012 841 2054 rursus
862 1995 976 2054 videtur
994 1997 1099 2056 lacuna
1120 2014 1198 2071 esse;
1227 2007 1306 2060 certe
1328 2010 1397 2076 post

271 2109 297 2151 v.
318 2093 373 2151 375
401 2093 545 2153 sententia
570 2098 672 2165 aperte
698 2089 868 2163 imperfecta
893 2095 951 2149 est:
981 2090 1012 2148 id
1033 2091 1107 2150 enim
1133 2092 1209 2164 quod
1229 2093 1395 2167 Lennepius

272 2189 361 2247 vertit
391 2189 529 2261 [osiccine
557 2186 781 2260 properabas
812 2184 850 2242 ad
879 2186 1022 2244 vinculum
1051 2183 1195 2246 formosae
1222 2185 1394 2262 Venerisia]

272 2282 447 2342 Hermionae
473 2284 502 2340 in
528 2287 652 2340 mentem
678 2281 776 2339 venire
801 2297 858 2339 non
877 2281 980 2353 potuit.
1019 2281 1111 2340 Paulo
1135 2282 1313 2354 probabilius
1334 2300 1400 2342 ver·

273 2393 336 2435 sum
350 2380 406 2436 375
431 2377 490 2448 [ed.
509 2373 649 2449 Belaisca]
679 2381 745 2448 post
764 2392 789 2432 v.
811 2376 865 2433 377
892 2374 969 2432 idem
989 2375 1154 2449 Lennepius
1181 2378 1399 2450 transponebat.

269 2454 331 2528 ¹Sed
358 2471 400 2528 sic
421 2469 592 2529 Hermiones
617 2471 711 2527 oratio
737 2485 794 2526 non
818 2468 959 2547 integrior
980 2474 1037 2542 est,
1062 2474 1093 2528 et
1111 2469 1183 2527 illud
1203 2465 1280 2527 οὕτω
1301 2489 1326 2529 v.
1342 2474 1399 2531 375

277 2563 400 2622 suadere
420 2565 517 2638 potius
538 2563 661 2635 videtur,
681 2568 714 2620 nt
734 2562 770 2621 de
790 2564 1004 2635 comparatione
1025 2564 1184 2636 cogitemus
1203 2566 1306 2624 veluti:

381 2689 457 2752 οὕτω
479 2692 664 2769 καλλικόμοιο
681 2688 751 2768 μεθ’
770 2690 915 2767 Ἁρμονίης
934 2690 1010 2768 πρὶν
1030 2690 1152 2769 ὁδίτης

378 2785 538 2853 άστατος
557 2780 611 2863 ἤιε
631 2784 788 2862 Κάδμος,
809 2781 867 2862 ἑὴν
887 2784 916 2842 δ’
935 2781 998 2856 οὐχ
1017 2780 1122 2861 εὗρεν
1142 2782 1314 2864 ἀδελφὴντ

274 2916 403 2988 Cogitaui
424 2917 511 2974 etiam
531 2920 646 2988 posset,
674 2914 767 2972 latere
787 2908 866 2970 οὔπω
886 2914 916 2971 in
935 2909 1029 2986 οὕτω,
1049 2919 1082 2972 ut
1101 2913 1257 2973 Hermione
1278 2930 1310 2973 se
1329 2920 1399 2974 ante

273 3014 438 3069 conuectos
459 3009 575 3082 nuptias
596 3024 615 3066 a
633 3013 727 3066 matre
747 3008 838 3067 solam
858 3007 955 3067 deseri
974 3008 1101 3066 doleret:

375 3134 482 3212 οὔπω,
504 3135 688 3215 καλλικόμοιο
707 3136 779 3215 μεθ’
799 3136 931 3215 άομονίιγν
948 3133 1114 3214 'nimpodorae

372 3229 528 3311 μητέρος
547 3231 624 3291 ἀντὶ
643 3233 762 3311 φίλης,
780 3255 840 3309 μοι
860 3232 944 3311 ἀνὴρ
964 3233 1068 3311 φίλος
1088 3230 1186 3291 ἐστὶν
1207 3231 1359 3310 ἀρωγός.

273 3366 379 3425 Verum
394 3361 532 3421 ridendus
546 3379 618 3434 sum,
639 3362 688 3433 qui
708 3362 754 3420 his
774 3362 890 3420 somniis
910 3368 1024 3436 tempus
1044 3361 1193 3436 perdam«.
1225 3360 1398 3421 Graefius

271 3479 300 3534 p.
316 3461 381 3518 357.
415 3457 562 3516 Hermann
582 3474 611 3530 p.
626 3463 672 3522 22,
693 3472 777 3529 quem
800 3461 916 3515 secutus
936 3464 981 3516 est
994 3457 1096 3531 Lehrs‚
1117 3473 1230 3515 versum
1250 3458 1300 3529 qui
1320 3474 1397 3516 nuno

273 3559 319 3612 est
339 3555 395 3612 887
419 3568 453 3612 33
467 3567 523 3624 quo
536 3566 612 3608 nunc
632 3556 677 3608 est
689 3551 752 3610 loeo
771 3550 934 3623 ponendum
949 3567 1014 3609 esse
1027 3556 1108 3611 recte
1121 3552 1279 3624 perspexit,
1302 3566 1400 3610 emen·

273 3644 419 3703 dationem
446 3648 543 3701 tamen
568 3639 691 3714 perfecit
715 3641 873 3701 Schneider
897 3659 925 3716 p.
945 3649 1019 3717 415,
1049 3643 1098 3715 qui
1122 3658 1222 3701 versus
1250 3643 1325 3701 sicut
1351 3644 1400 3703 hic

272 3739 411 3810 leguntur
430 3736 586 3809 disposuit,
612 3751 675 3793 eum
699 3735 876 3795 incommode
897 3753 922 3794 v.
938 3737 993 3795 377
1014 3736 1082 3794 olim
1101 3741 1169 3810 post
1187 3753 1212 3793 v.
1228 3743 1284 3797 388
1304 3739 1399 3797 lectus

272 3833 325 3903 sit,
352 3834 522 3904 »postquam
548 3830 622 3888 enim
650 3846 668 3888 a
692 3834 786 3888 matre
810 3829 967 3889 Hermione
991 3829 1103 3888 audivit
1126 3831 1220 3903 ipsam
1245 3847 1264 3888 e
1289 3830 1399 3890 Paride

273 3941 337 3985 osse
356 3931 479 3998 raptam,
498 3940 555 3984 non
576 3925 632 3983 iam
652 3925 748 3997 potuit
767 3925 868 3996 vagari
888 3930 918 3982 et
938 3939 1079 3996 quaerere
1099 3931 1248 3982 matrem«.
1276 3956 1311 3965 -
1337 3922 1399 3984 377

269 4038 363 4097 μαι-ιγν
382 4015 521 4084 επλάζετο
540 4017 588 4087 Μ,
610 4015 703 4095 μάτην
723 4012 863 4083 ἐπλάζετο
888 4015 971 4076 codd.
994 4023 1023 4075 et
1048 4016 1113 4075 edd.
1134 4017 1213 4088 rell.‚
1234 4017 1297 4089 qui,
1323 4017 1400 4076 sicut
