3108 4662
721 326 956 390 -124-

279 525 365 582 quam
384 526 508 582 versum,
528 511 578 583 qui
597 527 673 571 nune
691 514 747 573 626
761 518 815 587 est,
835 513 960 575 feliciter
971 515 1160 588 trmsposuit,
1179 520 1260 575 recte
1278 515 1402 575 lacunae

279 603 362 676 signa
371 603 441 677 poni
451 604 545 677 iussit,
557 604 644 664 »addi
655 606 729 665 enim
739 606 866 667 debebat
874 608 1060 669 Hermionem
1069 608 1127 668 iem
1140 607 1263 668 desiisse
1278 613 1401 668 matrem

217 744 220 748 .
280 712 431 772 quaerere,
452 700 505 759 sed
526 717 582 759 non
602 699 725 760 desiisse
746 701 840 762 dolori
851 702 1034 774 indulgere«.
1055 699 1154 762 -388
1174 700 1212 761 de
1230 701 1286 761 hoe
1304 717 1400 776 versu,

279 791 329 862 qui
348 791 415 850 olim
436 799 503 867 post
521 811 547 851 v.
563 797 619 854 376
638 794 805 869 legebatur,
829 796 897 856 vide
916 796 954 855 ad
973 814 1000 856 v.
1014 797 1080 856 676.
1122 795 1188 864 Huc
1206 796 1399 869 transpositus

280 890 326 944 est
345 885 381 944 ab
401 885 567 946 Hermanno
592 907 621 961 p.
636 896 686 962 22,
711 889 853 963 probante
879 889 1002 950 Lehrsio
1032 895 1062 949 et
1087 889 1266 950 Schneidero
1290 907 1318 964 p.
1332 896 1399 950 416.

280 977 434 1038 Caeterum
454 976 531 1037 ούτοι
551 981 629 1053 MQ3
650 980 833 1060 καλλιμόροιο
850 983 1041 1060 μεταρμονίην
1060 983 1102 1057 Μ,
1119 981 1193 1059 μεθ’
1213 982 1279 1061 ἀρμ.
1294 982 1326 1042 0.
1364 983 1400 1041 In

277 1072 310 1131 M
323 1073 391 1131 iibri
402 1074 546 1146 scriptura
559 1073 742 1151 κολλιμόροιο
755 1077 882 1136 melioris
896 1077 1028 1136 lectionis
1042 1079 1196 1151 vestigium
1208 1078 1302 1137 latere
1315 1082 1400 1152 puta·

277 1167 329 1226 bat
349 1166 480 1227 Graefius
501 1186 529 1241 p.
544 1169 610 1227 251.
633 1202 665 1210 -
687 1168 749 1229 389
770 1170 917 1229 Hermann
936 1189 965 1245 p.
980 1180 1017 1230 22
1038 1170 1087 1229 καλ
1107 1173 1137 1229 in
1155 1171 1212 1250 πὰρ
1233 1171 1401 1232 dubitanter

276 1266 390 1320 mutato
404 1262 537 1321 lacunam
551 1263 690 1337 obtegere
709 1264 807 1336 voluit,
827 1265 948 1324 lacunae
967 1271 1064 1325 tamen
1084 1266 1196 1339 signum
1217 1265 1265 1322 καὶ
1283 1271 1398 1325 retento

278 1355 377 1427 posuit
395 1354 497 1426 Lehrs,
519 1357 660 1430 probante
674 1358 851 1418 Schneidero
871 1376 899 1431 p.
914 1365 980 1432 416,
1000 1361 1046 1417 cui
1066 1359 1188 1418 lacunae
1207 1359 1398 1433 suspicionem

282 1454 360 1507 »tum
380 1451 619 1525 praepositionis,
644 1451 721 1510 unde
745 1449 915 1528 πτολίεθρον
941 1458 971 1510 et
995 1452 1083 1531 πόρον
1108 1454 1237 1528 pendent
1256 1452 1397 1524 deiectus,

275 1547 336 1600 tum
357 1545 478 1617 exiguus
499 1545 626 1605 locorum
646 1562 717 1618 quos
738 1547 871 1620 attigisse
885 1547 968 1605 Paris
982 1546 1089 1606 dicitur
1108 1563 1262 1606 numerus«
1282 1545 1398 1606 firmare

274 1636 436 1698 videbatur.
476 1638 608 1699 Graefius
628 1658 656 1714 p.
672 1648 727 1700 258

427 1783 476 1842 καλ
497 1783 625 1843 Κικόνων
644 1783 801 1863 πτολίεθρα
820 1782 869 1842 καλ
890 1783 1018 1850 Αἰολίδος
1038 1784 1125 1862 πόρον
1138 1779 1239 1863 Ἕλλης

427 1872 491 1956 ἤδη
511 1876 766 1955 ποντοπόροισι
784 1875 1014 1955 παραλλάξας
1034 1873 1085 1936 ἐνὶ
1106 1879 1241 1956 νηυσίν,

427 1970 585 2050 Δαρδανίης
606 1969 762 2049 λιμένεσσιν
782 1971 798 2028 ό
819 1973 938 2050 νυμφίος
957 1967 1046 2050 ἤραρε
1066 1969 1173 2052 νύμφην

274 2117 456 2178 scribendum
470 2134 534 2177 esse
547 2118 720 2177 coniecerat.
750 2115 876 2182 αἶολιδος
888 2118 935 2189 Μ;
954 2137 1042 2193 πορον
1056 2118 1097 2188 Μ,
1111 2116 1186 2194 ττόροι
1198 2118 1236 2191 V;
1257 2116 1342 2196 ελλης
1354 2118 1397 2192 Μ,

274 2206 360 2290 ἔλλης
373 2212 412 2285 V;
444 2245 477 2254 —
509 2208 573 2270 390
594 2208 766 2287 δαρδανίδης
784 2210 827 2278 Μ,
848 2207 1001 2290 δαρδανίης
1019 2207 1055 2283 L,
1075 2207 1239 2287 δαρὸανίοις
1258 2210 1396 2284 stephan.

274 2306 406 2378 Lectius,
431 2307 537 2366 Portus
563 2311 593 2364 et
612 2306 762 2377 Eobanus,
786 2305 967 2378 improbante
987 2305 1150 2377 Lennepi03
1176 2302 1341 2385 λομενεοσιν
1354 2304 1396 2375 Μ,

275 2398 412 2476 λιμενεσιν
427 2400 467 2472 V3
491 2419 508 2456 ο
528 2400 569 2473 Μ,
595 2401 672 2472 όίλς
698 2418 818 2476 νομφιος
836 2400 883 2472 Μ,
909 2396 998 2476 ἦγαρε
1016 2400 1063 2473 Μ,
1088 2393 1192 2476 ἤγαγεν
1214 2399 1252 2471 03
1276 2431 1311 2439 —
1337 2396 1396 2457 391
1456 2463 1459 2468 ,
1545 2420 1546 2429 ’

273 2492 368 2573 πνχνὰ
387 2494 426 2566 L;
452 2493 565 2552 δετιλλε
584 2496 625 2566 Μ,
652 2490 679 2552 δ’
703 2488 797 2552 ἔτιλλε
820 2494 884 2565 rell.
905 2493 988 2553 codd.
1009 2499 1040 2552 et
1060 2493 1125 2552 edd.
1145 2498 1265 2566 praeter
1284 2492 1396 2565 Lehrfl,

277 2587 327 2660 qui
346 2585 380 2647 δὲ
400 2586 476 2646 τίλλε
495 2588 648 2650 manifesto
668 2589 884 2663 typothetarum
903 2604 1011 2662 errore,
1034 2587 1129 2660 »quod
1148 2593 1229 2649 recte
1243 2604 1261 2646 a
1274 2586 1396 2645 Lehrsio

274 2682 383 2741 editum
403 2683 488 2743 Dion.
506 2684 675 2757 XXXVIII,
703 2691 756 2743 152
782 2680 840 2740 οίέϊ
855 2681 949 2740 δῶκεν
979 2677 1057 2761 ἔχειν
1081 2682 1270 2755 intelligitur«
1300 2680 1397 2739 iudice

275 2774 399 2836 Tiedeo
421 2777 531 2848 (Herm.
545 2777 617 2836 XIII
636 2794 665 2851 p.
680 2780 748 2847 274)
776 2791 861 2847 quem
881 2791 937 2834 non
957 2774 1105 2847 intellego.
1133 2771 1167 2831 δὲ
1186 2771 1264 2830 τίλλε
1284 2772 1398 2831 deside·

275 2871 361 2929 rabat
387 2871 474 2929 etiam
498 2870 638 2931 Wernike
664 2870 701 2928 ad
727 2868 883 2942 Tryphiod.
911 2886 939 2941 p.
955 2876 1026 2940 3313
1056 2874 1144 2928 recte.
1176 2899 1209 2908 —
1242 2884 1330 2943 κομην
1350 2864 1396 2941 Μ;

273 2958 300 3020 δ’
324 2980 379 3024 om.
393 2964 440 3036 Μ,
465 2960 570 3042 ἔρρηξε
590 2964 636 3037 Μ,
663 2958 767 3042 ἔρρηξε
787 2965 850 3022 rell.
871 2962 955 3023 codd.
984 2968 1015 3021 et
1040 2960 1105 3023 edd.
1125 2965 1244 3036 prester
1267 2959 1396 3033 Portum,

275 3057 324 3130 qni
343 3062 423 3116 recte
443 3052 545 3136 ἔρριψε
565 3058 683 3130 scripsit
702 3074 738 3117 ex
757 3058 840 3118 Hom.
861 3059 895 3116 ll.
916 3054 947 3115 X
958 3064 1014 3117 466

857 3202 875 3284 ἦ
894 3201 931 3262 δέ
947 3222 979 3263 νο
996 3199 1090 3282 μήτηρ

407 3296 508 3359 Τίλλε
528 3300 651 3379 κόμην,
673 3299 728 3358 ἀπὸ
749 3297 784 3358 δὲ
804 3295 918 3378 λιπαρὴν
939 3293 1064 3375 ἔρριψε
1084 3292 1281 3374 καλύπτρην

274 3454 304 3507 et
325 3448 395 3508 0011.
411 3454 467 3506 322
483 3445 613 3525 Ἑρμιόνη
633 3442 660 3503 δ’
685 3442 827 3523 ἀνέμοισιν
848 3444 1083 3523 ἀπορρίψασα
1104 3441 1314 3522 καλύπτρην.
1336 3441 1396 3503 cfr.

272 3549 426 3615 praeterea
445 3542 580 3601 I'zetzam
600 3541 683 3600 Hom.
696 3547 762 3600 410.
777 3547 843 3599 411.
865 3572 899 3582 -
920 3537 984 3599 392
1005 3536 1173 3616 καοσανδρη
1185 3537 1227 3611 Μ,
1249 3536 1397 3620 κοοοὶνδρη

273 3636 375 3709 Lov,
395 3634 544 3714 κασάνδρη
565 3652 601 3694 ex
621 3632 770 3711 κασόνδρα
791 3633 827 3706 0;
848 3632 987 3711 νεόφυτον
1006 3633 1086 3707 MG,
1106 3637 1139 3690 ut
1159 3633 1252 3691 edidit
1272 3631 1397 3705 Stepha-

274 3735 337 3803 nus,
356 3728 503 3802 Eobsnus,
523 3730 638 3801 Portus,
665 3748 813 3806 νεοφοιτον
833 3730 872 3804 V,
899 3728 1048 3808 νεόφοιτον
1067 3730 1130 3788 rell.
1158 3729 1241 3789 codd.
1263 3733 1294 3788 ei
1319 3724 1396 3801 edd,

273 3821 423 3901 νεόφοιτος
447 3825 573 3886 coniecit
591 3823 712 3897 Lennep
738 3824 828 3883 allato
849 3822 957 3898 Tryph.
972 3825 1028 3883 314
1049 3820 1223 3901 Κασσάνδρη
1245 3819 1397 3900 νεόφοιτος

274 3917 336 3987 (ubi
355 3916 512 3995 θεόφοιτος
531 3918 594 3979 cod.
609 3916 647 3991 Α)
668 3914 816 3993 ἐμαίνετο,
837 3916 971 3991 probavit
991 3916 1144 3989 Wemike,
1171 3916 1221 3989 qui
1240 3921 1397 3989 praeterea

272 4012 407 4076 Tzetzam
427 4014 510 4072 Hom.
525 4020 650 4084 410sqq.
670 4012 783 4070 attulit:
