3108 4662
698 271 930 336 -120-

247 456 376 520 Primum
401 457 546 532 improbat
570 457 700 518 Bekkeri
728 459 882 519 lectionem
912 453 1110 527 νύξ-ὤπασεν
1136 455 1181 537 ἠῶ
1205 457 1382 538 ἀρχομένην,

252 554 334 626 »quis
361 552 436 611 enim
461 551 511 611 ubi
535 551 632 612 dicore
657 552 749 612 voluit
773 553 849 611 diem
870 552 1055 612 subsecutum
1081 568 1147 612 esse
1172 559 1301 626 noctem,
1327 558 1381 613 ant

138 684 141 688 -
248 646 323 705 dixit
343 660 476 717 umquam
497 651 549 704 aut
568 645 667 705 dicere
686 646 778 706 voluit
796 652 909 705 noctem
929 647 1045 706 dedisse
1065 662 1228 706 auroram«
1269 647 1379 707 Vermn

250 740 418 799 enimvero
444 755 501 798 non
527 740 619 799 volort
643 739 741 799 dicere
767 740 844 799 diem
871 740 1055 800 subsecutum
1081 756 1146 800 esse
1171 746 1299 811 noctem,
1325 741 1379 800 sed

245 838 365 900 ,noctem
386 832 513 892 edidisse
531 835 675 892 Auroram
694 834 849 907 orientem,
877 832 930 892 sub
951 850 1008 906 qua
1028 821 1208 907 potissimum
1235 834 1378 894 somniare

249 924 325 983 solet
353 924 507 983 humanum
532 940 632 996 genus.
677 924 791 984 Deinde
816 925 974 984 Hermanni
999 926 1194 986 coniecturam
1219 923 1265 1004 ηοῖ
1288 925 1378 1005 dopo·

246 1013 318 1098 ρένη
338 1018 494 1091 vituperat,
514 1034 580 1076 nam
602 1018 687 1077 »hnic
706 1034 820 1090 qnoque
842 1019 940 1078 obstat
959 1019 1037 1091 quod
1056 1036 1112 1078 non
1133 1019 1170 1079 de
1183 1036 1241 1078 una
1255 1020 1377 1101 Helena,

249 1113 301 1172 sed
316 1113 353 1171 de
367 1112 498 1171 omnibus
511 1112 674 1171 hominibus
690 1111 841 1172 colluthus
854 1112 1010 1184 loquitur«
1041 1113 1114 1171 Tum
1129 1114 1239 1190 pergit:
1257 1114 1377 1186 »Itaque

249 1206 461 1281 desperandum
482 1207 710 1266 existimaremus
733 1206 844 1275 dehoc
864 1207 928 1266 loco
949 1223 1023 1280 esse,
1043 1207 1100 1265 nisi
1120 1207 1212 1267 codex
1231 1207 1378 1266 Mutinen-

249 1301 298 1374 sis,
318 1308 352 1359 ut
370 1301 532 1360 Presselius
553 1298 662 1375 [falsoil
687 1306 785 1359 monet
803 1300 926 1359 haberet
945 1316 1002 1358 non
1023 1298 1185 1379 ἀρχομένην
1212 1301 1278 1372 [hoc
1298 1302 1378 1360 clare

247 1395 355 1468 legitur
374 1397 404 1453 in
426 1395 472 1469 M]
493 1396 546 1454 sed
564 1391 739 1473 ἐρχομένην,
766 1411 822 1466 quo
843 1394 885 1451 ita
905 1393 1013 1452 utimur
1036 1400 1069 1454 nt
1091 1395 1250 1454 scribamus
1271 1391 1321 1462 νύξ
1340 1426 1375 1438 -

249 1480 363 1546 ὤπασεν
383 1486 426 1566 ἠῶ
446 1485 589 1567 ἐρχομένη
609 1490 628 1545 i.
650 1505 675 1546 o.
695 1504 761 1548 nox
785 1489 931 1553 veniens
952 1488 1044 1547 diem
1065 1489 1199 1562 abegit.
1239 1489 1289 1547 ubi
1308 1485 1378 1545 ὀπά-

250 1581 306 1648 ζειν
326 1583 434 1641 dictum
458 1591 491 1642 ut
513 1585 544 1640 in
564 1584 647 1642 Hom.
667 1582 701 1639 11.
725 1589 755 1652 8,
777 1589 831 1641 341
859 1580 898 1648 ὡς
916 1578 1030 1660 Ἕκτωρ
1055 1577 1152 1649 ὤπαζε
1173 1580 1378 1660 καρηκομόων-

249 1694 303 1740 τας
319 1670 447 1752 Ἀχαιούς
468 1708 517 1745 -,
543 1672 604 1753 ἠώς
628 1681 724 1733 autem
749 1682 864 1733 constat
889 1691 977 1749 saepe
1003 1677 1110 1750 opponi
1134 1675 1214 1735 nocti
1240 1682 1271 1735 et
1298 1676 1376 1736 diem

249 1766 437 1842 significare«
491 1770 572 1841 Quas
606 1771 701 1829 omnia
729 1771 811 1829 nihili
841 1776 919 1842 sunt3
956 1771 1125 1844 saepissime
1158 1771 1232 1828 enim
1262 1767 1378 1836 ὀπάζειν

249 1865 387 1927 vocabulo
413 1884 481 1926 usus
511 1870 556 1926 est
582 1865 746 1937 (lolluthns,
776 1881 916 1938 nusquam
947 1870 1044 1923 tamen
1070 1865 1127 1922 alio
1152 1880 1238 1937 quam
1264 1862 1377 1921 dandi

247 1975 348 2031 sensu,
371 1965 401 2019 et
421 1960 582 2040 ἀρχομένην
603 1967 704 2020 contra
727 1958 896 2018 Schneideri
916 1964 946 2017 et
966 1958 1077 2030 aliquot
1098 1958 1276 2018 deteriorum
1298 1957 1378 2016 codi-

248 2070 312 2112 cum
338 2055 510 2127 scripturam
535 2051 677 2132 ἐρχομένη
703 2055 790 2113 etiam
809 2053 905 2112 Nonni
930 2053 1105 2110 auctoritate
1127 2053 1225 2122 (Dion.
1247 2058 1298 2125 34,
1321 2059 1376 2111 100

249 2144 416 2225 ἀρχομένης
435 2147 513 2224 φάος
531 2145 613 2227 ἠοῦς)
631 2150 703 2207 satis
723 2164 868 2223 superque
882 2145 1054 2206 defenditur.
1079 2180 1110 2188 -
1133 2146 1275 2205 Tonrnier
1294 2163 1321 2218 p.
1336 2147 1374 2205 3'1

247 2238 409 2317 ποιρὴχορον
429 2247 460 2300 st
473 2238 617 2320 ἐρχομένη
632 2260 668 2300 ex
682 2243 851 2302 Schneideri
869 2244 1035 2301 coniectura
1054 2243 1174 2315 recepit,
1194 2246 1255 2299 tum
1268 2234 1376 2318 ἤλασεν

246 2349 300 2407 pro
321 2328 435 2391 ὤπασεν
451 2336 568 2408 scripsit
581 2338 715 2396 Nonnum
736 2344 853 2398 secutus
866 2336 951 2396 Dion.
966 2335 1076 2395 XXXV
1096 2343 1152 2395 242
1173 2333 1264 2393 νύκτα
1280 2331 1373 2412 paeo-

247 2447 341 2504 φορος
359 2421 462 2504 ἤλασεν
481 2423 581 2507 Ἑρμῆς
599 2436 686 2503 atqua
700 2428 776 2488 infra
789 2426 838 2506 τὴν
852 2427 883 2486 δ’
903 2426 1159 2506 ἐλεφαντινέην
1179 2427 1287 2486 κενεῶν
1302 2426 1374 2505 ἀφέ-

249 2539 345 2598 τειραν
358 2520 477 2599 ὀνείρων
492 2525 673 2584 scribendum
689 2542 753 2584 esse
773 2525 904 2583 coniecit.
933 2523 980 2581 Ad
993 2524 1146 2583 veritatem
1159 2524 1279 2597 propius
1293 2537 1375 2580 acce

247 2616 319 2674 dens
338 2617 411 2675 haec
424 2616 529 2676 Harles
549 2618 587 2676 ad
606 2619 633 2676 h.
648 2620 681 2677 l:
705 2617 803 2676 »Haeo
822 2624 919 2675 antem
934 2617 1036 2676 somnii
1051 2616 1210 2689 descriptio
1226 2615 1272 2674 vel
1287 2616 1375 2689 plane

246 2709 372 2769 inaniter
391 2713 438 2769 vel
456 2712 554 2783 iniquo
577 2713 640 2771 loco
666 2712 762 2785 posita
786 2728 850 2771 esse
871 2711 1000 2783 videtur,
1028 2718 1058 2769 et
1075 2711 1131 2769 nisi
1156 2727 1209 2783 per
1229 2710 1374 2768 inscitiam

246 2810 352 2879 poetae
372 2805 427 2865 hoo
441 2821 484 2864 aa
504 2806 567 2864 loco
587 2806 712 2864 inaniter
731 2803 809 2863 lacta
829 2806 876 2877 sit,
897 2810 965 2863 ante
985 2804 1139 2863 adventum
1155 2802 1277 2863 Paridos
1297 2820 1375 2863 com·

140 2890 142 2895 ’
247 2898 361 2958 modius
381 2916 399 2957 a
420 2898 542 2958 Golutho
563 2899 695 2957 collocati
714 2899 745 2956 hi
764 2916 864 2957 versus
883 2897 1004 2970 luerint3
1030 2903 1062 2957 at
1080 2898 1260 2971 negligentia
1286 2897 1375 2956 libra·

246 2992 355 3050 riorum
374 2990 492 3064 fecerit,
513 2997 546 3050 ut
564 2991 620 3051 huc
640 2992 790 3064 translati,
811 2992 956 3064 iidemque
976 2992 1071 3051 mutili
1092 2992 1205 3051 omissis
1226 2992 1276 3064 qui
1295 2998 1377 3051 tran—

246 3086 334 3144 situm
354 3085 504 3145 efficerent
523 3085 697 3159 faciliorem,
723 3086 822 3146 sedem
842 3093 1018 3160 occuparent
1038 3087 1192 3158 iniquamx
1234 3085 1275 3144 Et
1293 3101 1374 3158 sane,

246 3180 271 3239 si
291 3196 337 3238 ms
357 3180 450 3252 audis,
471 3180 599 3240 dubitari
619 3182 733 3240 omnino
753 3182 855 3254 nequit
874 3182 991 3241 aliunde
1008 3182 1063 3240 hoc
1085 3197 1184 3240 versus
1204 3179 1373 3252 desumptoa

246 3289 320 3334 esse.
366 3274 494 3335 Offendit
516 3276 591 3333 enim
617 3276 648 3333 in
673 3276 790 3347 vulgato
816 3290 950 3334 versuum
974 3275 1089 3343 ordine,
1116 3274 1193 3346 quod
1218 3279 1374 3346 postquam

247 3369 362 3429 dixerat
380 3370 505 3428 Helena:
528 3369 622 3442 Cape
642 3384 694 3427 me
713 3369 904 3437 etTroiam
922 3374 1039 3427 tecum
1059 3368 1183 3439 avene,
1204 3366 1374 3426 neserbum

246 3463 364 3535 quidem
378 3463 508 3522 additum
523 3470 576 3536 est,
591 3463 661 3536 quid
674 3462 710 3521 de
725 3462 831 3521 Paride
845 3462 912 3521 inde
926 3479 944 3520 a
957 3479 1041 3521 mane
1054 3461 1168 3534 qnando
1182 3478 1246 3520 oum
1259 3462 1374 3520 Helena

245 3571 418 3628 congressus
444 3563 504 3630 est,
526 3572 580 3629 per
600 3563 691 3616 totum
716 3557 792 3617 diem
816 3555 926 3616 iactum
946 3558 998 3629 sit,
1023 3572 1117 3628 neque
1142 3554 1196 3615 hoc
1222 3555 1373 3615 offensioni

247 3665 311 3707 esse
331 3665 387 3709 non
407 3657 513 3724 potest,
533 3651 611 3724 quod
624 3652 696 3710 nihil
708 3651 821 3711 Helena
834 3651 871 3709 de
884 3649 1085 3724 postponenda
1099 3647 1242 3720 usquead
1259 3653 1373 3709 noctem

245 3741 317 3816 fuga
336 3747 487 3804 monuerit.
517 3745 695 3819 Transposui
714 3746 804 3817 igitur
817 3761 916 3803 versus
929 3744 987 3802 huc
1005 3750 1073 3817 post
1089 3760 1116 3802 v.
1131 3750 1197 3815 364,
1218 3741 1268 3800 ubi
1281 3742 1372 3801 multo

246 3839 360 3912 aptiore
379 3839 444 3897 loco
463 3839 551 3912 positi
572 3855 637 3898 esse
658 3838 800 3897 videntur.
839 3838 922 3897 Dixit
941 3843 1040 3896 antem
1060 3842 1161 3909 poeta:
1185 3836 1260 3894 »Per
1278 3838 1372 3894 totum

245 3931 321 3990 enim
342 3931 419 3991 diem
439 3938 560 3991 matrem
579 3933 745 4005 quaerendo
759 3931 836 3990 fessa
849 3932 1005 4018 Hermione
1021 3931 1271 4004 appropinquante
1285 3933 1372 3989 nocta

246 4024 310 4098 (cir.
325 4045 351 4086 v.
366 4033 422 4086 345
437 4031 468 4085 et
481 4031 549 4098 359)
567 4026 683 4085 tandem
698 4025 880 4098 obdormivit,
901 4031 931 4085 et
944 4025 1045 4085 labore
1058 4023 1238 4097 defatigatae
1252 4023 1370 4097 puellas
