3108 4662
639 350 851 414 „85-

183 545 217 598 ut
239 538 386 597 adiectum
406 540 541 595 constans
561 535 684 595 Phthiae
705 535 862 610 epitheton,
881 533 1065 611 βωτιάνειρα,
1085 542 1235 597 monstrat.
1253 536 1305 612 βο-

182 628 311 707 τιάνειρα
325 627 613 701 inmansueta,
629 629 678 701 qui
689 643 762 689 corr.
772 629 803 686 in
815 643 917 701 marg,
930 625 1096 706 βοτιάνειρα
1111 629 1211 689 Oante
1221 646 1303 701 corr,

180 722 364 800 βοοτιάνειρα
380 724 471 783 voluit
481 722 641 793 Perdrier.;
655 742 703 778 και
720 717 876 798 ενροᾶγυια
890 723 931 780 Μ.
951 755 988 765 -
1007 724 1052 782 De
1063 739 1116 783 vv.
1130 722 1303 795 222-280

182 822 304 894 primum
318 819 481 891 scripturae
494 817 693 875 diversitatem
706 832 873 907 proponam.
894 832 946 877 vv.
962 815 1129 878 221-225
1150 817 1218 877 olim
1239 824 1304 891 post

182 965 211 1008 v,
224 954 280 1006 230
294 946 479 1018 legebantur3
493 943 673 1017 transposuit
682 943 848 1002 Schneider.
860 975 897 986 -
909 941 971 1003 221
981 942 1063 1023 λιχδς
1076 946 1115 1017 Q3
1130 908 1249 1021 γαλόνής
1261 945 1303 1016 Ν;

182 1106 218 1114 -
233 1071 300 1132 222
320 1072 416 1149 δήρῶν
429 1071 470 1143 Μ,
484 1034 579 1147 δηρόν
591 1071 664 1142 NR3
684 1088 885 1147 ερεσσομενων
898 1071 939 1143 Μ,
955 1066 1150 1148 ἐρεσσομένής
1162 1071 1197 1145 L,
1216 1072 1302 1144 unde,

181 1183 247 1225 cum
266 1172 326 1225 tres
347 1167 389 1223 illi
416 1165 544 1238 genetivi
564 1161 693 1241 γαλήνης,
713 1160 923 1240 ἐρεσσομένων,
942 1162 1073 1240 ἐρετμῶν
1089 1164 1228 1237 explicari
1245 1180 1302 1223 non

180 1277 267 1334 posse
290 1260 457 1327 crediderit,
476 1258 591 1331 recepit
604 1256 706 1328 Iulian,
727 1259 777 1328 qui
795 1262 951 1330 praeterea
970 1254 1089 1336 γαλήνήν
1108 1273 1161 1330 pro
1182 1254 1303 1334 γαλήνης

62 1365 66 1370 ’
181 1354 312 1414 coniecit.
347 1353 443 1413 Etiam
464 1350 596 1412 Graefius
616 1369 645 1423 p.
661 1358 730 1410 251:
753 1356 822 1409 »aut
840 1351 1008 1423 recipienda
1027 1351 1114 1410 lectio
1130 1350 1199 1410 (lod.
1213 1350 1300 1409 Lanr.

182 1442 302 1524 γαλήνής
315 1442 401 1522 δήρδν
414 1440 619 1520 ἐρεσσομένής,
639 1448 690 1501 aut
703 1443 779 1514 quod
793 1443 956 1502 concinnius
977 1444 1099 1517 videtur,
1120 1443 1300 1503 scribendum

181 1537 315 1617 γαλήνδς
334 1570 371 1580 -
392 1535 499 1601 δοῦπος
511 1532 642 1613 ἐρετμῶν
663 1536 700 1594 de
718 1536 917 1608 tranquilla
936 1537 965 1593 in
981 1536 1068 1597 fluvio
1088 1537 1299 1609 navigatione«

181 1634 307 1707 Vulgata
332 1628 533 1708 ἐρεσσομένων
553 1635 668 1689 retento
688 1631 761 1688 bene
786 1631 874 1689 vertit
892 1630 1000 1688 Lehrs:
1030 1647 1147 1703 »neque
1167 1628 1300 1702 aequoris

181 1727 355 1799 dinavigatis
376 1725 550 1784 audiebatur
570 1725 681 1783 sonitus
704 1724 820 1782 remis«.
842 1756 875 1765 -
898 1719 1020 1799 ήκοόετο
1039 1723 1081 1795 Μ,
1101 1719 1240 1780 οὐκοόετο
1260 1723 1300 1794 Q3

178 1815 303 1896 ἐριτμῶν
323 1820 364 1891 R,
385 1814 480 1894 ἐτμῶν
500 1817 552 1889 W;
572 1850 609 1860 —
632 1815 698 1875 224
719 1836 768 1872 και
785 1814 897 1895 χόόνος
915 1817 963 1888 Μ;
988 1815 1166 1874 ευκόλποισιν
1185 1816 1231 1888 Μ,
1255 1810 1300 1872 εό-

180 1910 324 1970 κόλποισιν
344 1912 499 1991 ALNQa
520 1917 549 1971 et
568 1918 602 1970 ut
620 1911 677 1970 vid.
690 1912 724 1985 Ρ,
743 1908 904 1968 εὐκόλποισι
919 1910 949 1984 Ο,
969 1906 1001 1968 ἐν
1022 1908 1165 1967 κόλποισιν
1185 1908 1249 1969 SW
1268 1914 1300 1969 et

178 2040 244 2099 edd.
268 2047 335 2099 ante
355 2040 498 2111 Beklrer.;
518 2034 679 2116 ἐπιήονεσσι
698 2039 738 2111 Q,
758 2034 803 2095 ἐπὶ
822 2034 938 2114 ήόνεσσι
956 2037 997 2108 Α;
1016 1998 1125 2113 ήῖόνεόναιΙ
1144 2036 1179 2109 0;
1197 2035 1298 2111 βαλαν-

177 2152 229 2198 τες
241 2134 282 2206 Μ,
294 2130 452 2208 βαλλόντες
467 2134 500 2206 Q.
514 2166 550 2175 —
564 2134 684 2205 Lennep
696 2149 779 2191 »cum
788 2133 835 2190 hic
845 2132 959 2191 demum
972 2130 1055 2189 Paris
1069 2131 1184 2188 dicatur
1196 2147 1297 2191 navem

179 2243 342 2300 egressus«,
363 2229 484 2286 miratus
505 2232 559 2300 est,
585 2227 653 2298 »qui
672 2224 734 2284 fieri
755 2225 851 2298 potuit
870 2230 902 2283 ut
921 2240 1019 2284 omues
1039 2224 1104 2282 illas
1125 2223 1210 2283 urbes
1231 2240 1296 2284 con-

177 2322 336 2395 templatus
355 2320 445 2380 fuerit
464 2326 494 2379 et
514 2321 595 2378 iuxta
613 2321 679 2378 illas
704 2320 761 2377 iter
784 2316 913 2378 fecerit-,u
955 2319 1051 2391 Quare
1070 2319 1139 2377 licet
1158 2318 1297 2392 singulari

180 2412 307 2472 colluthi
327 2412 441 2470 inscitia
461 2412 599 2485 explicari
618 2412 691 2471 haee
710 2428 796 2484 posse
813 2417 894 2470 ratus
914 2411 961 2484 sit,
981 2416 1079 2470 tamen
1098 2416 1193 2472 motus
1212 2418 1297 2485 prae·

174 2506 277 2563 semim
299 2502 348 2561 xci
367 2505 512 2577 particula
531 2506 626 2564 locum
641 2506 734 2563 minus
748 2505 925 2564 commodum
940 2505 1088 2564 obtinente
1101 2521 1145 2562 vv.
1161 2512 1225 2564 224.
1240 2513 1295 2565 225

175 2603 243 2670 post
268 2616 294 2657 v.
316 2606 371 2657 212
391 2597 552 2657 reiciendos
572 2613 636 2655 esse
656 2595 779 2669 putauit,
802 2595 911 2654 addcna
931 2600 1041 2654 temen:
1070 2595 1179 2654 »videri
1198 2603 1297 2668 posset

176 2691 244 2749 huic
263 2692 446 2751 coniecturae
466 2691 584 2751 obstare
608 2690 685 2762 quod
711 2707 736 2747 v.
759 2697 814 2748 222
836 2694 865 2746 et
885 2696 941 2748 223
965 2689 1073 2761 legitur
1096 2682 1177 2745 οὔπω
1199 2687 1295 2746 κεῖθεν

173 2777 226 2860 ἔήν
247 2783 365 2864 δολιχὸς
383 2784 480 2857 πλόος,
501 2781 570 2842 οὐδὲ
590 2780 711 2864 γαλήνής
724 2781 815 2861 Δήρὸν
828 2779 1029 2859 ἐρεσσομένων
1049 2778 1172 2860 ήκοόετο
1191 2780 1296 2847 δοῦπος

177 2875 318 2954 ἐρετμῶν,
338 2878 388 2936 ubi
411 2877 565 2936 manifesta
584 2878 679 2936 adhuc
697 2877 889 2950 nauigationis
909 2876 1025 2935 mentio.
1056 2875 1163 2934 Verum
1182 2876 1232 2948 qui
1250 2892 1296 2935 ae-

173 2971 297 3041 queutia
317 2973 509 3042 consuluerit,
528 2970 613 3031 facile
633 2972 754 3044 sentiet,
774 2971 847 3030 haec
866 2987 935 3039 non,
959 2970 1015 3027 nisi
1034 2974 1067 3027 ut
1085 2969 1238 3028 transitum
1257 2969 1295 3028 ad

173 3063 229 3121 illa
253 3062 379 3138 faceret,
403 3055 556 3138 inservire,
581 3071 611 3124 et
630 3066 672 3124 sic
692 3064 819 3137 eleganti
839 3063 1020 3136 oppositione
1040 3063 1133 3122 oratio
1154 3062 1297 3136 dirigetur

174 3155 214 3214 ad
231 3156 376 3231 Paridem,
391 3160 439 3230 qui
454 3160 511 3217 iam
525 3158 685 3232 cupiditate
695 3157 826 3216 Helenae
838 3155 982 3214 uidendae
997 3155 1120 3214 ardebat
1133 3161 1164 3213 et
1172 3156 1295 3213 maxima

172 3247 375 3324 festinatione,
400 3257 433 3309 ut
459 3251 622 3310 amantibus
642 3251 798 3323 proprium,
819 3249 857 3307 ad
882 3265 946 3307 eam
970 3249 1173 3322 properabat«
1214 3250 1295 3319 Quae

172 3343 269 3400 omnia
289 3342 497 3402 absurdissima
524 3361 589 3443 esse
613 3345 753 3403 iudicavit
773 3342 904 3401 Graefius
930 3360 958 3416 p.
980 3349 1049 3416 251,
1073 3350 1105 3402 et
1123 3342 1295 3416 improbavit

174 3468 262 3526 etium
283 3469 441 3529 schneider
466 3489 494 3545 p.
515 3479 581 3532 418.
602 3504 639 3515 -
660 3470 725 3531 aas
750 3467 856 3528 ἔωσιν
874 3470 921 3539 nu,
943 3432 1052 3528 ἔοόσω
1071 3470 1123 3542 W;
1148 3469 1229 3535 ωας
1246 3469 1294 3540 Μ;

174 3560 244 3629 ἁλδς
254 3563 287 3621 Μ
303 3567 334 3620 et
346 3564 412 3622 edd.
427 3566 494 3624 inde
508 3582 526 3624 a
538 3566 682 3638 Bekkero,
697 3563 765 3631 ναὸς
778 3566 861 3624 codd.
875 3566 948 3624 dett
961 3570 992 3624 et
1003 3565 1068 3622 rell.
1082 3564 1157 3636 edd,
1171 3579 1294 3637 proquo

174 3655 239 3723 νεδς
259 3659 497 3719 commendabant
516 3659 644 3734 Lennep,
665 3665 704 3733 et,
728 3660 778 3732 qni
797 3661 885 3718 etiam
903 3661 934 3717 in
954 3656 1025 3723 ἁλὸς
1044 3657 1154 3731 incidit,
1174 3657 1293 3717 Doruill.

172 3782 209 3794 -
226 3751 349 3830 μεμήλει
368 3769 405 3812 ex
423 3753 456 3811 M
475 3755 574 3828 recepi
593 3759 752 3828 praeeunte
772 3755 859 3811 etiam
879 3752 1038 3812 Tournerio
1058 3770 1086 3826 p.
1107 3759 1153 3825 30,
1175 3756 1204 3810 et
1228 3769 1294 3826 pro·

171 3843 260 3905 bante
279 3844 456 3907 Schneidero
475 3863 542 3905 rec.
563 3865 591 3921 p.
608 3854 671 3906 194.
690 3845 813 3924 ρέμήλεν
832 3847 896 3904 rell.
911 3847 993 3905 codd.
1009 3851 1038 3905 et
1054 3846 1120 3905 edd.
1134 3861 1240 3906 omnes.
1255 3877 1292 3888 ·-

173 3936 239 3998 226
254 3938 339 3997 ενόεν
349 3941 396 4013 Μ,
410 3937 447 4017 ἂρ
462 3943 528 4013 (sic)
542 3938 714 4020 ἐρχομένοιο
727 3944 800 4002 coni.
811 3940 979 4012 Schneider,
994 3937 1199 4019 ἀνερχομένοιο
1210 3937 1292 3999 codd.

171 4038 201 4092 et
221 4034 286 4093 edd.
313 4050 426 4108 omnes,
452 4036 507 4094 nisi
532 4035 609 4109 quod
634 4054 837 4114 ανερχομενοιο
857 4034 903 4106 Μ;
928 4051 1120 4110 πορειαμενας
1137 4033 1184 4105 Μ,
1203 4029 1293 4105 crepe-
