3122 4656
698 313 955 375 -16--,

279 515 336 584 [40]
396 499 516 584 βότρυς
535 498 750 584 ἀκερσεκόμης
766 497 906 583 Ζεφύρῳ
922 496 1123 581 στυφελίζετο
1141 496 1261 585 χαίτης.

396 612 448 672 τὸν
471 609 508 672 δὲ
526 608 764 696 μεδωμάρτηοε
787 609 951 696 κασιγνήτη
974 609 1043 680 Διὸς
1056 602 1146 694 Ἥρη.

395 717 466 781 οὐδ’
488 718 564 806 αάτή
586 718 731 802 βασίλεια
753 721 801 783 καλ
827 718 977 805 ἁρμονίης
998 716 1159 805 Ἀφροδίτη

396 828 549 917 ἐρχομένη
573 828 709 917 δήδυνεν
734 829 769 903 ἐς
790 829 888 892 ἀλσεα
911 829 1109 907 Κενταύροιο.

344 957 380 1010 3ο
396 940 446 1003 καὶ
467 939 585 1023 στέφος
607 939 773 1027 ἀσκήσασα
796 941 945 1026 γαμήλιον
967 939 1065 1028 ήλυύε
1087 938 1205 1013 Πειδώ,

395 1051 584 1137 τοξευτῆρος
599 1045 739 1135 Ἔρωτος
760 1049 972 1134 ἐλαφρίζουσα
996 1048 1169 1138 φαρέτρην.

277 1177 333 1244 130]
395 1161 443 1222 καὶ
464 1160 603 1248 βριαρήν
625 1161 816 1244 τρυφάλειαν
838 1160 899 1224 ἀπὸ
922 1163 1093 1246 κροτάφοιο
1113 1159 1250 1246 μεδεῖσα

397 1269 431 1343 ἐς
453 1253 551 1354 γάμον
575 1248 746 1357 ὡμάρτησε
768 1272 877 1354 γάμων
900 1271 1065 1345 ἀδίδακτος
1084 1269 1204 1358 Ἆδήνη.

395 1380 470 1444 ου’δὲ
491 1383 656 1468 κασιγνήτη
679 1381 822 1468 Λητωῖάς
837 1376 1026 1457 ’Λπόλλωνος

343 1509 378 1561 35
389 1485 529 1575 Ἄρτεμις
549 1482 689 1580 ήτίμησε,
714 1493 762 1555 καὶ
784 1491 941 1578 ἀγροτέρη
966 1515 1025 1577 περ
1049 1492 1155 1556 ἐοῦσα.

394 1601 459 1674 οἷος
484 1600 516 1663 δ’
539 1602 575 1665 ου’
597 1602 716 1690 κυνέην,
740 1603 776 1667 ού
799 1604 886 1690 δήϊον
909 1600 999 1690 ἐγχος
1021 1603 1137 1687 ἀείρων

278 1728 332 1797 [35]
395 1712 429 1787 ἐς
450 1711 547 1796 δόμον
564 1709 740 1798 Ἡφαίστοιο
764 1714 913 1799 σιδήρεος
936 1711 1060 1802 ἔρχεται
1073 1708 1175 1801 Ἄρης,

397 1825 479 1899 τοῖος
500 1822 576 1907 ἄτερ
599 1822 757 1910 διόρηκος,
780 1823 856 1907 ἀτερ
879 1821 1005 1910 ύηκτοῖο
1028 1823 1160 1910 σιδήρου

276 1950 332 2018 [37]
392 1932 541 2017 μειδιόων
564 1932 722 2022 ἐχόρευεν.
762 1929 846 2018 Ἔριν
870 1934 903 1995 δ’
926 1932 1102 2017 ἀγέραστον
1125 1933 1224 2010 ἐάσας

276 2061 379 2129 [38]4ο
396 2044 432 2107 ού
455 2043 576 2129 Χείρων
599 2045 721 2127 ἀλέγιζε
744 2046 792 2107 καὶ
814 2044 869 2106 οὐκ
890 2043 1044 2128 ἐμπάζετο
1067 2042 1197 2130 Πηλεύς.

276 2171 333 2242 [41]
393 2159 413 2244 ή
436 2153 469 2218 δ’
493 2157 547 2219 ἀτε
568 2157 767 2242 βησσήεντος
790 2153 1046 2242 ἀποπλαγχθεῖσα
1070 2159 1175 2235 νομοῖο

394 2266 501 2350 πόρτις
525 2265 708 2354 ἐρημαίησιν
731 2265 777 2329 ἐνὶ
798 2265 969 2352 ξυλόχοισιν
992 2265 1102 2328 ἀλᾶται

394 2368 550 2465 φοινήεντι
570 2376 684 2459 μύωπι,
706 2357 796 2459 βοῶν
818 2375 955 2463 ἐλατῆρι,
979 2379 1129 2441 τυπεῖσα·

394 2490 462 2550 τοῖα
483 2486 706 2574 βαρυζήλοισιν
723 2481 809 2570 Ἔρις
831 2489 962 2575 πληγῇσι
984 2489 1119 2569 δαμεῖσα

342 2616 377 2668 45
395 2598 529 2671 πλάζετο
549 2597 752 2682 μαστεύουσα
774 2597 861 2661 δειῖιν
883 2603 951 2675 πῶς
972 2598 1079 2671 δαῖτας
1101 2597 1207 2682 όρίνοι.

393 2709 518 2772 πολλάκι
540 2708 574 2772 δ’
597 2709 756 2792 εύλάῖγγος
779 2710 839 2772 ἀπὸ
863 2710 1000 2792 κλισμοῖο
1023 2708 1168 2793 δοροιῖσοι

391 2818 496 2882 ἵστατο
523 2820 572 2882 καῖ
594 2819 780 2902 παλίνορσος
802 2819 955 2905 ἐφέζετο·
973 2821 1056 2908 χειρὶ
1077 2819 1114 2882 δὲ
1136 2820 1225 2907 γαίης

392 2928 488 3012 εύρέα
511 2928 622 2993 κόλπον
645 2929 757 3014 ἀραξε,
780 2929 828 2992 καὶ
851 2929 906 2993 ούκ
927 2929 1113 3015 ἐφράσσατο
1136 2929 1247 3018 πέτρη.

391 3036 505 3127 ήδελεν
528 3039 689 3124 ὀρφναίων
711 3041 835 3120 γυάλων
858 3040 985 3126 κληῖδας
1007 3040 1124 3119 ἀνεῖσα,

340 3169 375 3222 50
393 3148 428 3212 ἐκ
444 3148 583 3237 χδονίων
610 3151 736 3238 Τιτῆνας
757 3150 964 3239 ἀναστήσασα
985 3150 1167 3234 βερέδρων,

392 3260 527 3344 ούρανδν
550 3260 756 3344 δφιμέδοντος
778 3261 927 3324 ἀίστιῖισαι
950 3261 1020 3335 Διὸς
1041 3259 1152 3347 έδρην·

391 3481 506 3571 ήδελεν
528 3483 665 3571 ήχήεντα
688 3483 788 3565 πυρὸς
809 3486 976 3570 πρηστῆρα
999 3482 1173 3545 τινάσσειν·

323 3678 325 3683 ⁴
384 3589 543 3678 Ἡφαίστῳ
566 3592 599 3656 δ’
623 3592 773 3673 ύπύεικεν,
796 3591 988 3678 ἀμαιμακέτη
1012 3614 1071 3675 περ
1096 3591 1203 3664 ἐοῦσα,

391 3705 439 3766 καὶ
462 3705 560 3787 πυρδς
582 3702 751 3784 ἀσβέστοιο
774 3703 824 3765 καῖ
845 3701 986 3787 λδυντήρι
1009 3701 1152 3787 σιδήρου.

338 3832 373 3883 55
391 3814 439 3876 καὶ
455 3814 576 3877 σακέων
588 3812 793 3897 βαρύδουπον
809 3811 947 3899 ἐμήσατο
965 3811 1082 3893 κόμπον
1098 3811 1262 3895 ἀράσσειν,

236 3942 292 4006 (55)
390 3921 426 3986 εἴ
443 3947 518 3987 ποτε
540 3925 750 4007 δειμαίνοντες
772 3921 1008 4006 ἀναδρώσκοιεν
1031 3922 1122 4009 ἰωήν·

391 4035 468 4098 ἀλλὰ
490 4037 539 4098 καὶ
561 4034 732 4121 ὁπλοτέρης
754 4033 859 4121 δολίης
880 4034 1075 4121 ἀνεχάσσατο
1096 4033 1216 4118 βουλής
