3108 4662
717 327 929 387 ..76-

261 509 408 580 convenit3
436 525 529 581 neque
550 508 708 578 ferendum,
730 511 807 582 quod
827 511 950 570 coniecit
970 509 1098 584 Lcnnep.
1119 505 1235 582 ἐκεῖναι,
1257 511 1325 581 quia
1343 512 1387 569 sie

261 620 286 658 v.
304 609 358 661 188
379 619 492 661 sensum
507 620 563 663 non
577 603 675 662 habet.
707 605 808 675 ltaque
823 605 937 662 omnino
957 620 1055 661 verum
1077 609 1121 660 est
1137 599 1256 676 Ἀθῆναι,
1277 604 1386 662 nonde

262 695 403 753 Minervis
428 695 572 768 pluribus,
597 696 674 768 quod
699 698 727 753 in
747 698 802 755 hac
822 697 859 755 ad
878 697 1040 755 Minervam
1060 698 1191 756 oratione
1211 697 1385 756 absurdissi-

262 803 338 845 mum
361 789 429 857 (etsi
448 790 604 861 aliqnando
625 792 764 848 eiusmodi
789 793 904 850 nomina
928 792 1047 864 propria
1073 791 1178 863 plurali
1203 807 1322 849 numero
1343 790 1385 848 di-

262 886 391 952 cuntur);
423 882 474 941 sed
499 881 536 939 de
562 884 650 942 urbe
676 885 906 942 Athenarum.
950 883 1027 943 Urbs
1051 889 1149 943 autem
1180 901 1244 943 cum
1270 885 1385 956 dicitur,

261 974 461 1047 intelliguntur
481 977 602 1035 incolae.
637 978 760 1037 Vellicat
772 978 871 1049 itaque
884 978 1045 1036 Minervam
1064 978 1161 1036 Venus
1180 980 1231 1050 ita,
1252 984 1285 1036 nt
1299 978 1386 1036 Athe·

260 1068 384 1140 nienses,
407 1069 513 1140 quibus
533 1070 584 1127 illa
604 1071 743 1144 superbit,
764 1076 909 1143 tamquam
929 1071 1057 1130 homines
1076 1072 1206 1130 imbelles
1221 1076 1251 1130 ct
1264 1073 1383 1144 ignavos

260 1161 363 1219 rideat
394 1163 447 1229 Tu,
468 1163 569 1235 inquit,
589 1161 672 1222 fortis
694 1171 724 1221 et
746 1164 849 1222 victrix
869 1163 961 1221 videri
974 1166 1070 1238 cupis3
1091 1172 1122 1222 at
1140 1181 1233 1237 neque
1252 1170 1284 1222 tu
1297 1163 1380 1222 fortis

263 1269 293 1310 es
315 1269 407 1325 neque
428 1260 479 1312 tua
500 1256 551 1313 illa
573 1257 641 1314 urbs
662 1258 777 1330 inclyta.
818 1259 858 1316 Et
878 1259 946 1330 quia
970 1259 1049 1316 urbis
1075 1275 1178 1318 noman
1203 1259 1315 1332 plurale
1341 1263 1386 1316 est

263 1352 293 1404 et
308 1345 502 1421 foemininum,
515 1345 635 1428 Ἀθῆναι,
650 1353 674 1409 si
688 1368 841 1424 personam
855 1352 985 1424 induunt,
1000 1352 1134 1410 mulieres
1147 1351 1239 1409 videri
1252 1356 1387 1424 possunt,

262 1444 293 1497 at
312 1457 370 1499 non
395 1449 461 1500 sunt
488 1459 574 1502 verae
600 1446 749 1504 mulieres!
783 1445 851 1517 quid
877 1446 986 1517 igitur?
1016 1446 1130 1503 mares?
1161 1460 1255 1516 neque
1280 1459 1384 1514 mares,

261 1550 356 1606 neque
377 1533 528 1609 foeminae,
549 1539 605 1595 etsi
625 1539 759 1597 membris
780 1556 797 1597 a
817 1545 922 1597 natura
942 1538 971 1595 in
991 1543 1145 1609 utrumque
1165 1553 1264 1594 sexum
1284 1537 1385 1595 distin·

255 1632 390 1699 ‘guantur
403 1630 602 1690 Athenienses.
636 1633 739 1691 Totum
754 1641 798 1692 est
811 1633 906 1692 Nonni
920 1648 1049 1704 acumen,
1069 1632 1118 1703 qui
1132 1631 1204 1689 illud
1218 1629 1386 1707 κεκριμένον

261 1722 357 1779 multis
383 1724 474 1781 modis
500 1726 650 1797 usurpavit
673 1726 703 1782 in
733 1725 942 1798 Dionysiacis«.
989 1725 1081 1783 Recte
1105 1740 1175 1782 sane
1200 1724 1386 1782 vehementer

261 1815 380 1873 miratus
407 1821 452 1874 est
471 1816 618 1875 Hermann
638 1835 666 1890 p.
689 1819 723 1876 17
747 1819 841 1890 »quod
867 1816 982 1877 Graefio
1007 1802 1172 1877 acutissimo
1196 1818 1326 1889 leporum
1356 1824 1386 1874 et

261 1910 419 1967 venustatis
434 1910 551 1982 arbitro,
568 1907 679 1988 Ἀθῆναι
699 1928 756 1970 non
778 1912 940 1985 Minervae,
961 1911 1013 1970 sed
1033 1911 1101 1969 urbs
1121 1910 1298 1968 Athenarum
1321 1925 1385 1968 esse

261 2003 341 2060 visae
366 2010 459 2061 sunta.
488 2036 520 2045 -
549 2003 804 2065 rasamenta
830 2006 895 2063 edd.
923 2004 990 2064 inde
1011 2021 1029 2062 a
1048 2004 1199 2072 Bellero,
1225 2004 1281 2060 nisi
1309 2003 1387 2074 quod

261 2095 435 2167 reliquorum
456 2097 586 2155 codicum
606 2104 637 2156 et
661 2099 805 2157 editorum
832 2100 983 2159 lectionem
1010 2096 1059 2155 καλ
1085 2094 1118 2155 οὐ
1143 2098 1264 2155 retinuit
1283 2096 1384 2164 Iulien,

262 2187 391 2246 Beklreri
412 2193 485 2246 τοῖαι
506 2191 672 2249 coniectura
686 2194 748 2249 sola
761 2193 815 2267 niti
829 2190 902 2251 falso
916 2200 1005 2250 ratus.
1036 2192 1203 2250 Lectionem
1219 2190 1385 2248 aBekkero

261 2287 408 2354 receptam
433 2284 474 2341 sic
487 2285 575 2341 vertit
588 2284 696 2342 Lehrs:
725 2286 906 2358 »Ignorasna
928 2287 1005 2358 quod
1018 2287 1115 2359 potius
1129 2286 1302 2357 impotentes
1319 2289 1385 2340 sunt

262 2374 411 2433 Minervae
426 2378 508 2449 tales,
530 2378 665 2449 gloriosis
680 2395 711 2436 se
726 2379 903 2438 delectantes
918 2380 1040 2438 bellislu
1072 2379 1140 2437 Iure
1154 2379 1244 2450 igitur
1264 2377 1377 2434 mireris

261 2485 287 2526 a·
300 2468 413 2529 Graefio
434 2488 462 2543 p.
478 2478 533 2531 248
554 2472 625 2531 talia
645 2473 732 2531 scribi
757 2474 899 2546 potuisse:
933 2474 1025 2530 »τοῖαι
1050 2472 1127 2544 quod
1148 2471 1216 2531 Ood.
1238 2471 1313 2528 Μαι.
1333 2469 1383 2528 ob-

261 2563 339 2634 tulit,
359 2561 462 2636 fateor,
483 2581 528 2622 me
548 2582 605 2625 non
625 2566 803 2638 intelligere3
825 2565 873 2622 καλ
892 2560 935 2637 οὔ,
959 2566 1035 2638 qnod
1055 2566 1141 2638 vulgo
1156 2564 1306 2635 edebatur,
1326 2579 1385 2620 me·

262 2657 343 2714 tricis
358 2658 518 2716 rationibus
534 2658 725 2717 damnandum
741 2666 795 2731 cst,
816 2675 911 2731 neque
924 2660 1042 2730 negatio
1057 2665 1178 2731 propter
1192 2673 1251 2728 seq.
1266 2652 1386 2732 ἀγαλλό-

258 2769 350 2824 μεναι,
372 2752 442 2808 satis
463 2751 577 2809 videtur
597 2739 765 2824 probabilis.
799 2753 952 2823 Nunquam
973 2749 1027 2808 καί
1046 2757 1114 2809 ante
1134 2751 1262 2808 vocalem
1283 2748 1320 2806 ab
1340 2748 1385 2805 his

263 2844 356 2916 poetis
378 2844 549 2915 productum
563 2845 717 2916 reperitur,
738 2850 771 2901 ut
783 2843 813 2901 id
828 2844 865 2901 ad
879 2842 1036 2916 Tryphiod.
1051 2859 1077 2898 v.
1094 2849 1148 2900 132
1162 2841 1384 2900 observavimus.

261 2937 377 3007 Itaque,
403 2937 459 2994 nisi
481 2936 550 2996 (lod.
570 2937 646 2994 Mut.
667 2940 751 2995 unice
771 2938 931 2995 audiendus
952 2944 1005 3009 est,
1026 2951 1125 2994 verum
1145 2934 1318 2992 censendum
1341 2939 1385 2991 est

261 3028 304 3102 id,
331 3029 407 3101 quod
427 3031 492 3102 pari
512 3030 718 3102 probabilitate
739 3035 769 3089 et
788 3033 817 3087 in
839 3029 887 3086 καὶ
907 3025 941 3086 οὔ
962 3031 1041 3088 etin
1062 3031 1136 3084 τοῖαι
1161 3028 1316 3100 depravari
1335 3043 1385 3099 po

261 3123 325 3179 tuit.
366 3124 534 3196 Legendum
554 3125 653 3195 itaque
674 3124 802 3181 videtur:

434 3247 606 3325 ἀγνώσσεις,
626 3248 672 3307 ὅτι
688 3250 798 3326 μᾶλλον
819 3248 971 3315 ἀνάλκιδές
991 3248 1062 3307 εἰσιν
1081 3246 1197 3327 Ἀθῆναι,

433 3343 466 3401 ελ
484 3344 542 3401 καλ
563 3344 755 3419 >cabellicorum
774 3342 964 3420 ἀγαλλόμεναι
983 3340 1155 3415 πολέμοισιν,

261 3458 350 3515 licet
370 3456 627 3530 superbientes
647 3458 822 3530 gloriosis
836 3456 959 3524 bellis,
975 3455 1145 3513 imbelles
1158 3454 1278 3526 potius
1293 3458 1384 3510 sunt.

261 3550 301 3608 Et
320 3549 348 3606 el
366 3549 424 3619 καὶ,
445 3557 478 3608 ut
497 3552 641 3624 corrumpi
662 3551 758 3623 potuit
783 3551 813 3606 in
838 3546 895 3605 οἷαι
915 3553 945 3605 et
964 3549 1051 3618 τοῖαι,
1078 3553 1217 3618 sequente
1243 3545 1384 3617 imprimis

262 3645 347 3702 simili
372 3645 483 3717 syllaba
510 3664 545 3700 κα
572 3644 640 3716 (vid.
661 3645 750 3702 talem
776 3659 902 3702 errorem
930 3640 960 3699 Ο.
974 3641 1048 3698 Mnt.
1075 3656 1100 3697 ν.
1116 3642 1200 3712 397),
1225 3639 1268 3696 ita
1292 3645 1385 3696 mans·

261 3739 385 3810 positum
406 3736 454 3793 καλ
474 3735 507 3795 εἴ
519 3738 604 3796 facile
625 3738 842 3810 depravandum
860 3742 924 3793 erat
937 3737 966 3792 in
987 3732 1035 3790 nal
1055 3728 1098 3806 οὔ,
1119 3740 1152 3792 ut
1170 3726 1205 3790 οὔ
1225 3738 1256 3790 et
1275 3728 1308 3787 εἴ
1320 3748 1386 3792 con-

262 3829 327 3888 fusa
347 3835 414 3888 sunt
434 3831 508 3891 inira
533 3850 559 3889 v.
574 3839 639 3891 300.
661 3832 709 3903 qui
735 3832 814 3890 locus
839 3831 932 3888 levem
958 3845 1021 3887 cnm
1046 3833 1145 3886 nostro
1170 3824 1385 3885 similitudinem

263 3926 368 3998 spirat3
393 3926 459 3997 scd,
485 3926 562 3998 quod
583 3925 697 3996 doleas,
725 3940 759 3982 eo
783 3941 841 3982 non
865 3923 1006 3994 integrior
1031 3921 1069 3978 ad
1093 3937 1145 3980 nos
1172 3919 1312 3993 pervenit.
1355 3917 1386 3976 Si

264 4019 400 4090 vulgatae
421 4016 613 4091 praeferenda
639 4024 684 4075 est
711 4016 869 4074 auctoritas
890 4014 961 4074 cod.
975 4014 1059 4085 Mut,
1085 4013 1213 4096 proxime
1234 4011 1318 4071 offert
1338 4027 1386 4068 se:
