3108 4662
724 297 934 360 -68-

265 485 357 545 omnis
377 483 433 544 loci
453 482 496 541 via
516 482 603 555 perit,
624 497 690 540 cum
710 482 783 540 nihil
801 480 916 540 Paridis
935 479 1074 553 referret,
1094 485 1192 539 utrum
1211 481 1283 539 luno
1303 482 1394 540 Asiae

266 582 365 652 regem
382 578 551 650 imponeret,
571 574 627 632 nisi
640 575 703 648 ipse
717 590 770 632 rex
783 573 895 634 iuturus
915 580 1020 633 esset«.
1051 573 1093 632 Σε
1107 576 1194 634 etiam
1214 578 1282 648 post
1300 572 1396 650 πάσης

264 670 368 729 Inferri
393 685 480 743 posse
503 668 621 726 Beklrer
646 668 757 726 monuit
782 672 812 726 et
831 668 873 726 sic
892 667 1031 729 Wernike
1056 668 1093 726 ad
1114 668 1271 741 Tryphiod.
1291 675 1392 741 11334

267 764 356 822 tacite
377 762 502 836 scripsit.
541 760 681 819 Probavit
701 760 849 818 Hermann
868 777 897 833 p.
913 768 948 819 16
974 766 1004 819 et
1024 761 1182 820 Schneider
1206 762 1320 835 11431,
1344 775 1392 817 re·

268 856 346 928 cepit
358 855 460 929 Lehrs,
479 860 599 928 propter
611 855 688 912 male
703 854 805 913 elisam
818 853 947 913 vocalem
960 854 1134 926 improbavit
1146 854 1284 913 Ludwich
1298 853 1391 926 Symh.

268 948 331 1005 crit.
345 965 375 1021 p.
391 955 436 1008 30.
456 954 503 1005 31.
532 945 591 1005 Sed
606 944 740 1016 equidem
755 951 785 1003 et
797 951 918 1018 propter
931 946 1104 1003 sententiam
1119 951 1150 1004 et
1163 952 1283 1020 propter
1295 964 1321 1004 v.
1337 953 1392 1005 143

268 1038 368 1117 (δεῦρό
394 1059 433 1096 σε
458 1036 647 1114 τειρομένοισι
672 1037 823 1094 σαόπτολιν
844 1036 966 1113 ἀνδράσι
991 1035 1105 1116 θήσω)
1127 1041 1219 1097 satius
1240 1039 1307 1097 duxi
1327 1056 1393 1112 pro·

268 1149 370 1193 nomen
384 1131 491 1191 inferre
507 1136 537 1191 et
553 1131 716 1190 colluthum
732 1148 788 1191 non
802 1131 893 1202 magis
907 1147 942 1188 ac
957 1131 1187 1204 Tryphiodorum
1206 1133 1389 1192 abhorruisse

268 1243 286 1284 a
306 1227 506 1300 pronominum
527 1225 646 1283 elisione
666 1229 803 1283 statuere.
828 1258 860 1267 -
881 1223 1022 1303 ἡμετέρης
1042 1226 1124 1287 codd.
1146 1231 1176 1286 et
1197 1227 1261 1285 edd.
1283 1244 1390 1299 omnes,

267 1319 323 1378 nisi
349 1318 425 1391 quod
448 1315 590 1396 ἡμετέρης
611 1317 633 1376 G
658 1323 689 1376 et
713 1314 853 1394 ὑμετέρης
877 1319 923 1376 ed.
949 1319 1105 1379 Schaeferi.
1146 1321 1204 1381 Sed
1230 1326 1311 1380 recte
1336 1321 1393 1377 iam

270 1411 400 1471 Graofius
421 1429 449 1484 p.
465 1418 533 1470 246:
563 1411 641 1469 »scio
661 1408 801 1488 ἡμετέρης
821 1410 937 1469 defendi
957 1429 1055 1485 posse3
1080 1415 1177 1471 verius
1198 1420 1295 1473 tamen
1315 1419 1396 1471 esset

268 1505 425 1584 ὑμετέρης,
452 1521 536 1577 quam
559 1505 643 1563 Paris
669 1505 821 1564 incolebat.
860 1507 946 1565 Nunc
971 1507 1056 1565 nimis
1080 1514 1216 1579 anguste·
1229 1508 1265 1566 de
1285 1506 1394 1566 Iunone

268 1599 359 1658 Idaea
380 1599 573 1671 cogitandum.
613 1599 770 1656 Praeterea
796 1597 916 1656 offendit
936 1605 981 1655 ter
1000 1615 1152 1658 recurrens
1172 1619 1221 1677 ης;
1252 1602 1307 1659 etsi
1327 1616 1395 1659 con-

269 1692 339 1751 ferri
363 1698 462 1766 potest
489 1710 514 1750 r.
536 1698 599 1751 198.
639 1692 759 1750 Poterat
782 1698 891 1749 tamen:
919 1688 1054 1757 Ἀσίδος
1077 1689 1217 1769 ὑμετέρης
1246 1692 1339 1770 πάσης
1359 1689 1388 1749 σ’

269 1783 395 1862 ηγητορα
420 1782 514 1861 θησιο.
545 1782 596 1842 cfr.
622 1801 647 1842 v.
670 1790 753 1843 160«.
797 1782 935 1842 Prohavit
959 1781 1099 1863 ὑμετέρης
1124 1787 1210 1844 etiam
1237 1785 1395 1845 Schneider

272 1896 301 1951 p.
314 1883 386 1936 436:
412 1893 496 1934 »nam
510 1892 565 1947 quo
585 1876 648 1933 iure
662 1890 744 1933 suam
757 1875 828 1933 Iuno
848 1874 927 1932 dicat
939 1875 1038 1933 Asiam
1058 1878 1200 1935 neminem
1220 1884 1291 1950 puto
1312 1878 1395 1936 intel-

271 1974 411 2030 lecturum
427 1985 519 2028 esse«.
549 1965 762 2046 ασιηοηηήτορα
775 1969 815 2025 Μ.
832 2000 866 2009 -
882 1965 942 2026 150
958 1966 1075 2044 ἀθεριζε
1089 1989 1115 2025 τι
1129 1990 1184 2045 γορ
1203 1969 1333 2046 πολέμων
1347 1971 1394 2042 Μ;

271 2083 314 2123 vv.
332 2072 396 2125 150
413 2072 466 2124 151
481 2063 505 2121 P
521 2064 607 2122 etiam
627 2067 695 2137 post
714 2080 740 2120 v.
757 2070 811 2122 143
832 2063 956 2121 exhibet.
987 2059 1097 2120 πολέων
1116 2081 1169 2136 pro
1183 2062 1313 2139 πολέμων
1328 2065 1393 2123 edd.

271 2158 423 2229 antiquae;
438 2161 624 2216 correxerunt
637 2156 739 2226 Anon,
754 2156 905 2214 Brodaeus
920 2163 950 2213 et
963 2155 1135 2227 Stephanus.
1150 2189 1188 2198 -
1201 2154 1304 2215 151‘
1272 2177 1397 2234 κορονος

271 2249 412 2369 ἰφθίμοισι
426 2269 476 2306 και
485 2249 531 2321 Μ;
524 2248 735 2367 ουάτιτολέμοισι
749 2247 1394 2325 11401,ῖφιμοισιΑίς,ἀπσλέμοιοιΝΡΒνν,

272 2374 495 2451 ἀπολέμοισιὸ,
521 2339 745 2450 θπολέμοισιθ,
770 2371 804 2431 οὑ
824 2374 1045 2451 modtpccceQ3
1075 2373 1189 2433 κελεὺοι
1207 2376 1281 2447 MQ.
1323 2376 1394 2435 Cum

273 2471 385 2545 priores
405 2472 580 2542 interpretes
600 2469 672 2528 haec
692 2470 734 2528 sle
757 2467 819 2527 fere
844 2469 1011 2527 vertissent:
1045 2486 1146 2541 »reges
1166 2467 1289 2529 fortibus
1310 2471 1395 2527 simul

274 2569 305 2622 et
322 2563 475 2622 imbellis
465 2567 639 2635 imperant«,
658 2565 739 2619 recte
709 2561 814 2619 thoe
832 2562 961 2634 ineptum
982 2577 1047 2620 esse
1067 2561 1140 2619 vidit
1159 2561 1270 2631 Iulien,
1290 2563 1338 2632 qui
1359 2578 1396 2620 ex

273 2656 402 2718 codicum
422 2656 551 2726 vestigiis
574 2654 713 2731 ἰφθίμοισι
733 2652 782 2711 καὶ
795 2651 828 2711 οὑ
841 2653 986 2730 πολέμοισι
1000 2655 1181 2714 scribendum
1197 2671 1261 2713 csse
1277 2655 1397 2726 collegit

273 2756 313 2824 (p.
328 2753 377 2821 38)
400 2748 476 2821 quod
496 2764 560 2806 rex
580 2749 740 2807 strenuis
760 2765 825 2806 non
845 2748 953 2806 bellis
973 2749 1129 2820 imperat
1147 2748 1243 2806 vertit.
1279 2749 1313 2805 In
1327 2763 1396 2805 ean-

275 2842 340 2900 dem
361 2841 533 2899 sententiam
553 2841 644 2899 multo
657 2841 758 2898 melius
772 2840 932 2912 disputavit
945 2839 1103 2898 Schneider
1116 2857 1144 2912 p.
1160 2842 1224 2912 431,
1247 2841 1297 2911 qui
1310 2855 1394 2913 prae·

273 2938 360 2991 eunte
381 2932 499 3005 Ungero
520 2934 562 3002 (in
576 2934 658 3006 epist.
674 2935 738 2992 crit.
752 2934 790 2992 ad
803 2934 838 2991 L.
852 2933 1034 2992 Krahnerum
1053 2951 1081 3007 p.
1095 2933 1204 3004 XVIII)
1226 2933 1276 2989 καὶ
1295 2932 1395 2991 edero-

157 3077 164 3087 .
274 3024 382 3102 λέμοισι
402 3026 534 3098 coniecit,
554 3043 620 3084 narn
639 3031 727 3100 poeta
749 3044 853 3099 »quum
873 3027 935 3100 regi
953 3028 1024 3085 nihil
1038 3043 1103 3086 esse
1117 3043 1179 3085 cunr
1194 3026 1270 3086 bello
1285 3027 1394 3085 dicit..

272 3118 343 3176 nihil
363 3118 434 3181 dicit
452 3119 508 3177 nisi
527 3137 600 3192 opus
619 3136 676 3179 non
696 3136 760 3178 esse
780 3125 815 3177 ut
832 3121 896 3192 ipae
916 3136 968 3179 rex
986 3120 1065 3177 bella
1078 3125 1163 3192 gerat
1176 3126 1209 3178 ut
1223 3122 1272 3192 qui
1285 3120 1395 3178 haheat

272 3227 343 3284 quos
362 3211 478 3270 mittere
497 3212 590 3284 possit
608 3212 685 3270 viros
705 3210 795 3272 fortes
817 3216 847 3270 ct
866 3211 1047 3270 bellicosos«.
1083 3211 1148 3284 Ego
1167 3209 1288 3270 formam
1311 3209 1394 3268 εὐπο-

273 3301 381 3374 λέμοισι
394 3305 529 3379 praetuli.
552 3336 588 3346 -
608 3303 667 3363 152
684 3301 737 3361 οὑκ
751 3304 805 3361 cler
818 3304 863 3377 Μ;
885 3300 938 3361 οὐκ
952 3303 1007 3361 αἰεὶ
1020 3304 1103 3363 codd.
1118 3321 1216 3364 omnes
1231 3306 1331 3376 (etiam
1344 3305 1394 3377 L),

272 3397 328 3455 nisi
352 3396 429 3468 quod
449 3392 502 3453 οὑκ
522 3393 583 3453 αἰὲν
608 3393 675 3454 fort.
695 3395 736 3467 A;
761 3392 815 3452 οὑκ
840 3394 885 3452 ἀεί
910 3396 976 3454 edd.
1001 3402 1069 3455 ante
1094 3396 1342 3470 Falkenhurgium
1364 3403 1396 3455 et

272 3490 464 3563 Stephanum
478 3507 675 3567 οριστεοοοοιν
688 3488 729 3546 Μ.
745 3522 780 3530 --
795 3489 832 3548 ad
846 3505 876 3549 v.
892 3487 948 3548 153
964 3506 1065 3548 manus
1079 3490 1173 3563 prime
1186 3491 1216 3548 in
1229 3490 1261 3547 M
1275 3491 1304 3547 in
1318 3506 1395 3548 mar-

273 3583 340 3654 gine
354 3583 488 3641 lineolam
503 3582 642 3656 appinxit.
676 3578 883 3660 ὑποδριοτῆρες
895 3577 996 3647 ἐνὺοος
1008 3583 1049 3640 Μ.
1071 3615 1108 3625 -
1129 3581 1189 3641 154
1208 3602 1284 3660 τοιην
1305 3603 1393 3659 κορο-

273 3673 331 3751 νίην
349 3675 396 3746 Μ;
420 3672 617 3751 προτόθρονος
637 3673 673 3747 0,
699 3673 916 3751 πρωτόθρονος
935 3674 972 3749 Ρ;
998 3672 1051 3752 ἡρη
1071 3676 1117 3746 Μ;
1140 3709 1175 3717 -
1197 3674 1255 3734 155
1275 3673 1322 3753 ηδ’
1345 3675 1394 3747 Μ;

272 3764 317 3846 ηδ’
334 3767 441 3826 Panto
454 3784 538 3840 corr,
557 3762 603 3844 ηδ’
620 3768 682 3825 rell.
698 3767 782 3827 codd.
796 3773 827 3826 et
846 3767 921 3839 edd,
944 3762 1006 3846 ἧδ’
1026 3784 1079 3841 ego
1100 3769 1217 3842 scripsi3
1237 3766 1336 3826 εαννὺν
1349 3768 1393 3841 Μ,

272 3856 355 3916 ἐανὺν
375 3859 656 3932 AGLPQRWla,
677 3856 762 3917 ἑανοῦ
780 3861 853 3920 coni.
868 3860 1026 3919 Schneider
1039 3877 1067 3933 p.
1082 3864 1138 3920 431
1158 3877 1223 3919 nam
1246 3862 1288 3919 »si
1307 3877 1394 3933 quem

271 3968 326 4026 ego
346 3953 375 4010 in
394 3954 440 4011 his
459 3954 546 4012 rebus
566 3969 682 4014 sensum
700 3953 808 4026 habeo,
827 3959 894 4026 post
911 3950 1097 4029 βαθύκολπον
1117 3960 1205 4028 poeta
1224 3951 1329 4011 κόλπον
1349 3955 1395 4012 in·
