3122 4656
519 613 908 737 uuuouhuro
941 614 1228 701 caturca
1324 636 1326 643 ι

389 812 504 871 Titulus
525 815 667 886 poematis
686 819 733 873 est
751 815 781 873 in
800 814 847 873 M:
868 763 997 871 ‚illlam
1017 817 1103 886 (corr.
1116 815 1151 874 M
1164 818 1204 883 2.)
1224 817 1341 894 ποιητοῦ
1356 817 1442 878 λυκο-

312 903 427 963 πολιτοο
457 903 570 984 αοπαγὴ
600 908 656 978 (sio
674 906 708 966 M
721 915 748 967 2.
775 924 811 967 ex
835 911 960 986 αρπαγη)
986 909 1037 987 τῆς
1061 911 1126 988 (της
1147 909 1244 984 Μ.1.)
1272 908 1385 988 ἑλένης;
1411 915 1442 973 in

311 999 448 1060 ALNR:
464 1000 624 1061 κολλούθοο
637 1001 753 1081 ποιητοῦ
766 999 879 1080 ἁρπαγὴ
892 998 991 1081 ἑλένης
1005 1003 1074 1075 (nisi
1085 1004 1163 1076 quod
1173 1000 1317 1062 κολλύύοο
1330 1006 1358 1066 N
1369 1013 1441 1067 ante

312 1111 385 1155 corr.
400 1102 431 1155 et
444 1092 549 1173 ξλένης
561 1096 614 1168 R);
643 1096 681 1170 (λε
709 1094 854 1154 κολοοῦοο
880 1095 996 1173 ποιητοῦ
1022 1094 1087 1172 περὶ
1107 1096 1158 1174 τῆς
1178 1094 1308 1175 doctorale
1326 1094 1441 1176 ἑλένηςς

183 1206 185 1211 ·
313 1186 349 1247 0:
368 1188 432 1266 περὶ
451 1188 581 1265 αοπαγῆς
601 1191 652 1268 τῆς
670 1185 783 1266 ἑλένας
805 1189 843 1248 W
864 1196 894 1248 ct
915 1189 941 1248 G
960 1190 1029 1260 (nisi
1049 1189 1126 1262 quod
1145 1189 1193 1248 hic
1213 1189 1336 1268 θηβαίοο
1357 1192 1440 1250 loxo-

310 1279 452 1352 πολίτον);
467 1279 611 1340 κολούθοο
622 1282 807 1340 λοκοπολύτοο
818 1280 941 1361 θηβαίοο
951 1280 1086 1339 ἐποποιοῦ
1097 1279 1196 1361 ἑλένης
1206 1282 1332 1362 ἁρπαγῇ
1346 1286 1379 1346 S:
1390 1307 1439 1344 κο-

311 1372 400 1434 λύύοο
414 1374 563 1433 λοκολίτοο
578 1373 701 1454 θηβαίοο
715 1372 850 1433 ἐποποιοῦ
864 1371 978 1454 ’ἁρπαγὴ
992 1371 1106 1454 ἑλένηςς
1127 1376 1164 1435 de
1178 1376 1203 1436 V
1216 1377 1288 1436 nihil
1301 1379 1331 1436 in
1344 1379 1440 1439 Vossii

310 1469 454 1543 excerptis
468 1474 614 1542 notatum3
633 1470 663 1528 in
677 1470 701 1527 P
715 1466 860 1527 κολούύοο
872 1465 971 1547 ἑλένας
984 1467 1096 1547 aarum
1110 1471 1249 1544 scriptum
1262 1488 1328 1531 csse
1348 1471 1439 1532 refert

309 1560 412 1626 iuliani
438 1566 640 1639 apographon,
667 1566 695 1622 in
721 1565 801 1624 cuius
826 1570 923 1623 tamen
946 1565 1076 1639 margine
1096 1565 1224 1626 codicem
1251 1567 1438 1640 inscriptione

309 1675 409 1718 carere
423 1660 566 1720 annotavi.
598 1658 767 1719 Editionum
780 1659 880 1719 titulos
894 1659 1025 1719 consulto
1039 1660 1131 1719 omisi.
1166 1658 1182 1717 1
1197 1657 1310 1736 Νύμφαι
1324 1677 1360 1718 ex
1374 1656 1439 1736 νύμ-

308 1780 362 1838 φαι
371 1761 404 1819 Μ
415 1768 457 1833 2.;
472 1760 574 1830 folliaco
586 1763 608 1821 O
619 1769 687 1821 ante
697 1777 781 1833 corr„
792 1779 854 1837 ιερα
864 1760 898 1819 Μ
910 1768 935 1833 1,
951 1742 1015 1837 ῗερὰ
1024 1759 1058 1818 Μ
1068 1769 1093 1820 2.
1105 1793 1143 1804 -
1157 1759 1178 1820 2
1194 1760 1225 1817 at
1233 1764 1264 1833 b;
1281 1762 1319 1819 ad
1334 1758 1437 1838 νύμφαι

308 1856 436 1916 scholion
460 1856 490 1914 in
511 1855 550 1914 G:
577 1852 753 1912 ἐπικαλεῖται
776 1851 1038 1936 νύμφαογείτονας
1058 1854 1109 1912 τοῦ
1132 1852 1203 1930 ύρος
1218 1850 1276 1911 ’loa
1298 1857 1383 1927 (sici)
1404 1855 1436 1914 ἐν

304 1949 391 2030 χύριρ
415 1944 521 2027 Τροίας,
542 1943 615 2006 ἔνθα
635 1945 651 2003 d
673 1944 765 2024 Πάρις
785 1946 839 2013 τὰς
856 1947 931 2022 βοῦς
950 1943 1094 2024 ἐνόμευεν,
1116 1953 1147 2007 et
1166 1948 1205 2007 ad
1224 1948 1352 2024 ποταμοῦ
1366 1946 1436 2007 Ξάν-

307 2041 385 2103 doto:
411 2040 443 2102 ὃν
460 2042 616 2121 βαθυδίνην
642 2041 719 2119 λέγει
735 2037 862 2119 Ὅμηρος
881 2040 921 2099 Il.
942 2061 974 2117 φ.
994 2040 1106 2108 πλάσας
1131 2039 1179 2100 τὸν
1203 2041 1330 2118 ποταμὸν
1354 2041 1436 2119 ἀνδρὶ

306 2134 454 2212 εἷσοὶμενον
468 2135 652 2214 φθέγγεσθαι
670 2134 742 2213 πρὸς
761 2133 894 2212 Ἀχιλλέα,
914 2134 949 2202 ῦς
962 2134 1151 2212 αιιειβύμενος
1166 2133 1355 2214 Σκάμανδρον
1375 2135 1434 2194 διο-

306 2228 417 2307 τρεφέα
426 2229 611 2287 ἀποκαλεῖται
624 2227 673 2287 τὸν
686 2228 822 2305 ποταμύν.
837 2264 868 2272 -
884 2230 903 2290 3
914 2230 1088 2309 πατρώιμσιν
1098 2231 1146 2303 Μ;
1162 2228 1208 2288 ἐπι
1217 2231 1250 2291 Μ
1262 2239 1297 2305 1.,
1308 2229 1354 2289 ἐπὶ
1363 2231 1396 2290 Μ
1406 2240 1433 2304 2,
1537 2290 1538 2293 ,

305 2321 383 2381 unde
395 2328 569 2396 receperunt
585 2322 677 2381 Behk.
694 2329 724 2381 et
744 2323 809 2382 edd.
824 2340 908 2396 rece,
929 2320 971 2381 ἐνι
990 2325 1059 2397 NQ,
1080 2319 1122 2381 ἑνὶ
1143 2325 1181 2393 G,
1205 2321 1247 2383 ἐνὶ
1265 2326 1329 2383 rell.
1350 2325 1432 2398 dett,

305 2415 383 2488 quod
402 2414 533 2474 defendit
544 2416 649 2490 Popoff
666 2417 744 2491 apud
758 2416 904 2476 Graefium
922 2436 950 2491 p.
966 2424 1031 2490 242,
1045 2416 1183 2485 feliciter,
1196 2419 1291 2478 iudice
1307 2419 1431 2481 Graefio.

305 2502 437 2588 ψαμάῦοι
450 2509 473 2569 0
486 2517 554 2569 ante
574 2527 648 2569 corr.
665 2543 693 2551 —
718 2509 851 2589 4χιῦρον
870 2510 904 2569 Μ
919 2518 960 2582 1.;
981 2509 1101 2587 ιδαίησιν
1120 2512 1153 2571 Μ
1169 2520 1194 2583 1,
1217 2511 1336 2591 ῑῦαίησιν
1355 2513 1388 2572 Μ
1403 2520 1431 2586 2,

304 2600 409 2681 λδέηοιν
430 2604 470 2677 Q,
489 2599 683 2662 ἐπεντύνασθε
702 2604 735 2663 Μ
750 2612 775 2677 1,
796 2605 843 2662 cni
863 2603 1039 2662 αντελλεσύε
1057 2607 1263 2679 suprascripsit
1275 2607 1308 2664 M
1323 2615 1358 2680 2.,
1380 2604 1426 2665 ἐπ’

304 2695 462 2757 ἀντέλεοῦε
481 2697 540 2757 LN
546 2697 586 2771 R,
611 2694 836 2755 ἐπαντέλλεοθαι
854 2699 906 2770 W,
931 2696 1139 2758 ἐπαντέλεούαι
1165 2705 1213 2773 (ex
1232 2697 1278 2759 ἐπ’
1302 2700 1377 2773 ἀντ.)
1398 2701 1430 2774 Ο,

303 2788 497 2850 ἐπαντέλεοθε
523 2793 560 2864 Q,
590 2788 801 2883 ἐπαντέλλτούε
825 2793 888 2850 rell.
901 2793 981 2869 'dett
1008 2798 1038 2851 et
1062 2794 1127 2851 edd.
1154 2799 1222 2852 ante
1247 2794 1356 2867 Bekk.‚
1380 2797 1431 2868 qui
1534 2796 1535 2799 ’

303 2885 476 2946 Mutinensis
502 2887 626 2959 vestigia
649 2902 783 2958 premens
810 2882 1001 2943 ἐπεντύνεούε
1020 2903 1039 2945 a
1057 2887 1177 2959 reliquis
1204 2887 1364 2947 editoribus
1384 2904 1430 2948 re·
1533 2948 1534 2967 ,

303 2985 418 3053 ceptum
439 2980 532 3039 edidit
551 2980 657 3039 collato
676 2979 854 3041 GaMmacho
879 2980 907 3038 h.
928 2981 958 3038 in
977 2979 1066 3053 Apa
1093 2979 1122 3037 oi
1139 2978 1174 3039 δὲ
1194 2978 1252 3038 νέοι
1268 2979 1376 3060 μολπήν
1397 2998 1449 3039 τε·

306 3072 354 3131 καλ
372 3070 412 3139 ἐς
428 3072 539 3152 χορὸν
559 3072 757 3137 ἐντύνεούε
778 3080 808 3132 et
824 3073 944 3133 Moscho
958 3072 1029 3132 Eur.
1041 3080 1078 3133 30
1099 3077 1181 3151 τῇσιν
1199 3072 1245 3131 ἀεὶ
1258 3072 1429 3151 σονοὶῦορεν,
1532 3112 1533 3133 2

302 3165 350 3226 ὅτ’
375 3164 414 3233 ἐς
436 3167 549 3246 χορὸν
572 3163 770 3226 ἐντύναιτο.
812 3168 921 3227 Contra
946 3182 1031 3239 quem
1057 3165 1167 3226 frustra
1193 3166 1292 3227 Graes.
1312 3185 1341 3241 p.
1357 3175 1428 3228 241:

304 3263 367 3323 »Ab
393 3263 566 3322 auctoritate
592 3261 661 3321 (lod.
683 3261 757 3319 Mnt.
778 3261 888 3334 pendet
914 3260 1053 3320 iudicium
1080 3260 1117 3318 de
1142 3259 1244 3334 verbo,
1271 3262 1348 3333 quod
1369 3269 1429 3320 v.4

300 3357 455 3431 legendum
476 3362 530 3416 cst.
568 3356 644 3414 Nam
663 3352 876 3412 ἐπαντέλλεοθε
896 3354 1012 3426 poetica
1038 3354 1165 3426 imagine
1185 3370 1217 3413 se
1237 3355 1428 3429 commendat,
1530 3382 1531 3409 ι

300 3467 394 3523 nequa
415 3449 519 3508 dubius
534 3454 580 3507 est
598 3465 666 3507 usus
680 3446 769 3506 medii
790 3444 931 3522 τέλλομαι,
952 3447 1034 3505 Arat.
1055 3446 1107 3506 Ph.
1123 3454 1188 3507 285.
1210 3455 1290 3519 382.;
1310 3443 1427 3505 ἐπεντύ-
1529 3534 1530 3539 ¹

301 3541 390 3603 νεσθε
414 3560 437 3602 s.
457 3538 651 3599 ἐπεντύνασθε
677 3541 746 3601 Ood.
767 3546 874 3600 tuetur.
912 3539 1081 3600 Callimachi
1113 3542 1214 3600 similis
1244 3543 1325 3602 locus
1351 3544 1425 3603 nihil
1529 3576 1530 3633 ρ

304 3638 419 3698 evincit.
452 3636 549 3694 Multa
569 3636 645 3694 enim
666 3651 684 3694 a
702 3635 800 3694 multis
814 3636 947 3694 similiter
969 3636 1027 3694 diei
1045 3641 1212 3709 potnerunt,
1232 3641 1265 3694 ut
1283 3631 1318 3701 ἐς
1334 3633 1428 3714 χορὸν
1528 3668 1529 3719 ρ

301 3728 461 3809 ὀτρύνεσθε
480 3748 506 3787 v.
521 3738 577 3790 415
592 3747 610 3789 a
623 3731 823 3805 Tryphiodoro
838 3731 974 3790 dictum«.
1005 3730 1087 3788 Haec
1101 3729 1242 3803 Graefius,
1264 3732 1313 3802 qui
1326 3747 1356 3803 p.
1369 3737 1427 3790 242

300 3826 396 3885 addit:
423 3825 603 3884 »Difficultas
623 3832 749 3899 angetur
768 3827 840 3883 mire
860 3825 1019 3883 coniunctis
1039 3840 1116 3883 voco.
1135 3822 1231 3903 χορός
1252 3829 1282 3882 ct
1299 3826 1441 3901 χορεῖαι,·

302 3936 377 3993 qnae
396 3935 443 3978 res
464 3920 549 3978 simul
568 3920 606 3978 ad
627 3920 747 3979 verbum
771 3920 1003 3979 constituendum
1028 3917 1107 3978 iacit.
1148 3917 1233 3977 Prius
1254 3918 1291 3977 de
1311 3920 1427 3977 salta-

300 4013 414 4084 tione,
434 4013 557 4070 alterum
578 4013 615 4071 de
636 4013 859 4072 carminibus
885 4013 1018 4086 argutius
1037 4029 1123 4085 quam
1144 4013 1241 4071 verius
1262 4010 1427 4086 accipiebat
