3122 4656
750 308 963 380 -48-

299 502 333 561 u
346 503 386 575 n;
399 503 495 578 πᾶσαν
509 500 587 576 oen,
600 502 690 560 πᾶσαν
706 499 740 560 m
754 501 783 574 s,
795 464 889 559 nmio
902 499 999 572 eaw3
1020 500 1191 578 aerae-espa
1203 503 1251 574 m;
1270 500 1425 575 aegeam

301 595 395 663 διΐετε
410 595 433 655 O
446 601 515 655 aute
534 612 608 655 corr.
628 597 830 654 Pleonasmum
849 593 1074 666 intolerabilem,
1099 596 1149 666 qui
1169 601 1214 655 est
1238 597 1267 652 in
1289 593 1426 673 λωὶεέρην

300 692 349 746 καὶ
368 687 511 765 ἀμείνονα,
532 695 710 761 remoturus,
735 689 877 748 Tournier
897 707 925 762 p.
942 696 977 748 18
997 683 1126 764 ἀμύμονα
1146 705 1198 760 pro
1212 686 1345 763 ἀμείνονα
1358 704 1426 748 con·

299 786 377 858 iecit,
392 791 472 846 recte
488 782 631 842 refutatus
646 798 664 841 a
678 781 861 854 Schneidero,
876 782 925 853 qui
944 782 974 838 in
987 796 1045 839 rec.
1065 797 1094 855 p.
1111 783 1164 839 19⁷
1179 786 1328 854 comparat
1340 781 1425 839 Hom.

300 878 353 938 Od.
373 899 393 935 α
407 882 463 938 876
482 873 580 934 δοκέει
599 874 668 932 τόδε
690 874 833 950 λωίτερον
853 873 902 933 καὶ
921 870 1034 950 ἄμεινον
1055 879 1085 931 et
1109 873 1194 947 plura
1214 875 1288 932 scire
1308 874 1419 947 cupien-

299 977 357 1028 tem
376 972 489 1044 relegat
503 969 541 1028 ad
556 970 696 1028 Haasium
711 967 761 1036 lad
776 968 849 1026 Xen.
865 967 901 1026 de
916 983 977 1040 rep.
991 967 1062 1025 Lao.
1076 984 1105 1039 p.
1122 970 1188 1037 164)
1204 973 1234 1026 et
1246 967 1426 1027 Lobeokium

300 1063 454 1136 (Aglaoph.
475 1081 502 1136 p.
519 1067 615 1131 1093).
638 1094 672 1102 -·
693 1060 739 1118 De
759 1077 803 1118 vv.
817 1067 863 1119 80.
885 1067 920 1119 81
936 1060 1015 1118 >haec
1027 1059 1162 1131 Lennep:
1196 1060 1292 1118 »πᾶσα
1312 1057 1346 1117 δὲ
1360 1060 1424 1116 λωι-

300 1157 383 1232 τέρην
404 1155 453 1212 καὶ
473 1152 607 1230 ἀμείνονα
627 1152 655 1211 δ.
672 1158 714 1227 μ.]
744 1154 838 1226 Vulgo
859 1153 896 1211 de
916 1153 1009 1211 tribus
1029 1152 1139 1210 deabus
1161 1153 1334 1226 intelligunt,
1354 1170 1424 1225 qua·

298 1264 361 1306 rum
388 1264 519 1320 quaeque
545 1246 670 1306 sollicita
698 1245 850 1304 admodum
877 1253 941 1305 erat
964 1246 1001 1304 de
1026 1245 1128 1323 formav
1150 1246 1423 1318 pretiosissimarum

298 1342 420 1399 vestium
441 1342 621 1412 aliarumque
634 1356 730 1399 rerum
745 1339 783 1397 ad
796 1338 933 1397 mmrdum
946 1339 1115 1397 muliebrem
1134 1339 1326 1413 spectantium
1342 1339 1424 1397 adiu-

301 1440 397 1494 mento
417 1434 556 1506 ornanda,
576 1441 609 1493 ut
628 1435 671 1492 ita
690 1433 838 1493 delicatuli
857 1434 982 1506 pastoris
1003 1432 1124 1492 arbitrio
1143 1431 1262 1503 reliquis
1276 1432 1425 1504 pulchrior

299 1528 445 1587 diceretur
465 1533 495 1585 et
514 1527 695 1603 splendidum
711 1527 788 1584 illud
803 1526 907 1585 donum
921 1526 1073 1585 obtineret.
1106 1524 1189 1597 Quod
1203 1526 1228 1582 si
1241 1529 1337 1583 tamen
1351 1525 1423 1584 haec

299 1618 415 1680 Ooluthi
434 1637 513 1683 meus
539 1620 642 1677 inisset
661 1635 718 1677 non
741 1619 874 1677 inmerito
895 1617 1090 1690 negligentiae
1110 1618 1218 1676 crimen
1238 1617 1267 1674 in
1287 1633 1352 1676 enm
1371 1618 1423 1677 im·
1543 1662 1544 1671 ,

299 1712 448 1784 pingeres,
469 1712 560 1785 quod,
586 1712 666 1769 nulla
686 1711 805 1770 Iunonis
827 1718 878 1770 aut
897 1711 1048 1768 Minervae
1068 1711 1181 1768 ratione
1199 1709 1313 1781 habita,
1339 1711 1422 1768 unius

302 1804 421 1862 Veneris
442 1811 573 1863 ornatum
588 1804 764 1863 solummodo
779 1803 925 1863 describat
939 1811 970 1862 et
983 1805 1025 1862 sic
1038 1805 1184 1871 lectorem,
1206 1804 1255 1873 qui
1268 1817 1325 1861 non
1338 1802 1422 1859 nnius

299 1896 435 1968 Veneris,
461 1896 514 1955 sed
540 1898 628 1954 trium
655 1897 773 1956 dearum
800 1904 932 1957 ornatum
961 1897 1138 1969 descriptum
1165 1897 1200 1954 iri
1225 1895 1422 1968 exspectabat,

300 1988 436 2062 decipiat.
478 1989 554 2047 Hinc
580 1989 617 2046 de
643 1991 705 2049 sola
725 1992 838 2050 Venere
859 1992 965 2063 quippe
991 1992 1038 2049 cui
1057 1989 1237 2063 potissimum
1258 1988 1423 2047 conveniret

300 2081 393 2140 bellus
418 2082 473 2140 iste
494 2081 683 2140 delicatarum
704 2085 865 2156 puellarum
888 2084 1020 2155 mundus,
1040 2082 1227 2155 interpretari
1241 2082 1316 2140 malo
1330 2091 1359 2139 et
1373 2081 1422 2139 de·

300 2176 360 2234 leta
379 2174 564 2234 distinctione
584 2191 648 2233 cum
669 2182 808 2247 sequente
829 2178 974 2235 versiculo
994 2178 1037 2234 ita
1057 2179 1244 2248 coniungere:

490 2286 622 2358 πᾶσόδὲ
642 2298 778 2378 λονῖτέρην
797 2299 847 2357 καὶ
866 2300 998 2378 ἀμείνονα
1018 2298 1112 2367 δίζετο
1130 2297 1244 2378 μορφὴν

490 2389 597 2470 Κύπρις
612 2391 666 2468 μὲν
685 2391 839 2471 δολόμητις
860 2382 1044 2461 ἀναπτύξασα
1064 2392 1238 2473 καλύπτρην·

490 2483 538 2541 καὶ
556 2484 676 2562 περόνην
696 2506 724 2542 κ.
738 2506 763 2542 τ.
779 2486 820 2543 λ.«

299 2611 488 2683 Contradixit,
510 2611 586 2683 quod
611 2614 733 2685 mireris,
755 2615 842 2672 etiam
856 2613 1006 2672 Harlesius
1028 2614 1178 2685 »equidem
1200 2631 1225 2671 v.
1241 2616 1276 2672 le
1297 2614 1333 2672 de
1353 2614 1421 2672 dea-

297 2704 351 2764 bus
377 2705 508 2764 omnibus
535 2705 673 2778 intelligo.
701 2722 755 2764 nec
776 2705 914 2765 Oolutbus
934 2706 1130 2778 negligentiae
1150 2704 1332 2764 adcusandns
1350 2705 1420 2763 milri

298 2798 420 2870 videtur,
441 2798 518 2870 quod
532 2799 665 2870 Veneris,
686 2814 762 2870 quae
776 2805 872 2857 tamen
885 2799 993 2871 primas
1012 2799 1094 2869 quasi
1113 2805 1213 2871 partes
1231 2799 1261 2856 in
1279 2800 1334 2857 hoo
1343 2814 1420 2873 poe·

297 2893 386 2953 matio
405 2891 503 2962 habet,
524 2894 664 2963 ornatum,
688 2908 778 2962 qnam
798 2898 959 2950 ceterarum
980 2891 1109 2964 dearum,
1135 2892 1253 2950 uberius
1274 2892 1418 2951 describit.

296 2983 386 3056 Atqui
412 2984 541 3055 singulas
567 2983 603 3042 do
632 2989 736 3043 ornatu
761 2985 899 3044 sollicitas
919 2983 1023 3057 fuisse,
1047 2990 1077 3042 et
1097 2986 1171 3044 tales
1192 2984 1274 3044 fictas
1293 2984 1420 3043 fuissea

297 3084 393 3150 poeta,
414 3083 497 3150 patet
518 3093 553 3135 ex
573 3093 658 3135 versu
674 3085 756 3137 132«.
785 3076 948 3136 Barbarum
961 3077 1103 3150 Lennepii
1123 3085 1312 3138 commentum
1333 3078 1418 3136 etiam

296 3170 389 3229 Iulian
415 3169 593 3243 repudiavit,
624 3170 684 3240 qui·
704 3176 801 3228 tamen
830 3170 860 3227 iu
885 3172 1089 3230 commentario
1118 3172 1229 3242 aliquot
1257 3187 1357 3230 versus
1382 3203 1419 3213 -

298 3264 396 3322 nescio
410 3263 486 3321 unde
502 3296 534 3330 -,
552 3263 693 3323 excidisse
708 3266 829 3337 putavit,
851 3265 953 3337 quibus
974 3265 1011 3324 de
1031 3265 1148 3325 Iunonis
1169 3272 1257 3337 atque
1269 3266 1419 3324 Minervae

298 3357 435 3416 exteriori
455 3357 535 3416 cultu
555 3359 650 3430 egerit
670 3364 765 3431 poeta.
799 3359 862 3430 Qua
882 3360 1046 3432 suspicione
1065 3359 1134 3417 mihi
1150 3375 1205 3417 uon
1220 3358 1335 3416 videtur
1347 3375 1418 3431 opus

298 3466 370 3509 esse.
392 3482 428 3491 -
449 3447 492 3508 82
513 3446 631 3527 κρίπῳις
646 3450 669 3510 O
683 3457 751 3510 ante
770 3468 858 3523 com.;
879 3450 1031 3530 δολομῆτις
1049 3449 1233 3520 αναπτόξοσα
1252 3453 1298 3524 Μ;
1319 3448 1419 3528 deumq-

298 3539 374 3609 ξασα
386 3543 426 3613 L;
447 3539 605 3619 aoidmsqv
619 3543 661 3616 Μ,
683 3544 732 3602 ubi
753 3544 828 3603 duae
848 3549 959 3604 tantum
972 3546 1088 3604 litterae
1108 3561 1210 3605 erasae
1230 3551 1305 3616 sunt,
1325 3543 1418 3603 fuerat

298 3630 448 3713 καλόπτην.
493 3634 544 3696 82.
566 3634 605 3695 83
630 3635 749 3714 περόνην
781 3642 846 3710 (pro
875 3636 991 3716 περόνη)
1018 3635 1136 3713 κορόων
1167 3641 1232 3712 (pro
1263 3635 1418 3714 κόρυμβον)

297 3733 328 3786 et
341 3727 447 3806 χαίτην
467 3733 532 3802 (pro
552 3727 659 3808 δεφην)
679 3729 762 3789 codd.
783 3737 815 3788 et
834 3729 899 3788 edd.
920 3746 1026 3790 omnes.
1069 3731 1222 3789 »Mancum
1242 3746 1305 3788 esse
1325 3731 1418 3789 locum

297 3820 370 3882 vict
395 3820 562 3881 wernikius
594 3825 699 3883 collato
724 3825 817 3883 Noun.
837 3832 888 3896 82,
917 3832 950 3882 15
977 3822 1025 3881 καὶ
1050 3823 1155 3903 περόνη
1187 3826 1275 3897 (vulg.
1300 3821 1418 3900 περόνην

300 3914 398 3985 [quam
416 3915 569 3973 lectionem
582 3916 709 3975 servavit
720 3916 808 3975 etiam
821 3916 973 3990 KoechlyJ)
994 3913 1130 3994 συνέεργε
1144 3914 1209 3973 νέου
1222 3899 1322 3994 κληῗδα
1332 3915 1419 3994 gerni

297 4024 346 4070 νος
370 4004 418 4062 κοιλ
444 4004 566 4085 πλεκτὴν
592 4007 705 4066 δοόεντι
730 4006 819 4087 κόρην
839 4006 947 4086 ἐδίηνεν
967 4006 1072 4087 ἐλοίιρι
1095 4008 1203 4070 Bell.
1244 4009 1299 4081 Qui
1320 4026 1418 4068 versus
