3122 4656
575 339 784 400 ..45-

119 522 256 596 scriptum
270 528 359 582 extet.
391 522 544 582 Caeterum
564 539 589 579 v.
605 529 641 582 66
663 538 717 594 ego
730 522 786 582 huc
800 523 966 596 transposui
979 540 1044 581 cum
1063 525 1093 582 in
1115 523 1244 584 secunda

118 616 233 675 Lehrsii
244 617 372 677 editione
382 620 449 689 post
458 615 574 674 Iunonis
588 620 619 672 et
629 615 750 673 Veneris
763 616 938 674 mentionem
947 616 1046 688 inepte
1057 615 1172 675 dicatur
1184 615 1241 674 Iu·

118 710 200 769 noni
214 709 268 767 soli
281 709 472 769 concessisse
486 707 628 765 Minerva.
658 708 770 766 Eodem
784 715 855 781 puto
875 725 964 767 causa
977 716 1072 769 motus
1086 710 1246 769 Schneider

117 803 148 860 in
160 819 218 861 rec.
232 821 261 876 p.
277 811 331 863 195
346 799 399 880 ἤδη
419 805 460 872 (Ι)
481 796 508 857 δ’
525 798 560 858 οὐ
574 801 619 859 vel
631 792 715 878 Ιτῇσιν
729 798 761 857 δ’
776 799 809 858 οὐ
829 819 883 874 pro
902 822 956 880 ηρη
977 799 1005 858 d'
1029 799 1064 860 ob
1077 803 1245 862 dubitanter

118 896 250 955 coniecit.
269 897 384 955 Maiora
394 895 508 954 molitus
522 893 714 954 est'lournier
724 901 847 966 p.15.16
862 910 950 967 aegre
960 894 1056 954 ferens
1067 913 1123 956 uno
1134 902 1244 954 tantum

118 989 259 1047 versiculo
280 988 317 1046 de
329 989 463 1046 Minerva
476 988 533 1059 agi,
554 986 666 1045 duobus
687 992 785 1045 autem
809 988 845 1045 de
858 987 967 1047 Iunone
982 997 1012 1047 et
1024 989 1147 1061 Venere,
1161 990 1245 1048 simul

5 1118 6 1123 κ
118 1097 144 1141 v.
156 1088 192 1140 65
206 1079 255 1137 καὶ
268 1075 356 1158 ἤθελε
370 1077 515 1156 ληΐζεσθαι
536 1079 574 1137 ad
588 1079 750 1138 Minervam
759 1075 895 1156 Ἀγελείην
916 1082 961 1140 vel
974 1077 1088 1158 Ἀγεληίν
1109 1086 1159 1151 (ut
1167 1081 1244 1155 apud

32 1200 39 1211 ·
120 1174 415 1234 Cornutumvocatur
434 1192 463 1247 p.
480 1176 533 1233 167
555 1173 603 1232 ed.
628 1173 712 1246 (isle)
738 1174 869 1233 elludere
888 1182 1002 1248 putans.
1043 1175 1133 1234 Simul
1152 1176 1244 1234 minus

119 1274 187 1342 apte
200 1268 410 1327 bellicosiorem
432 1267 527 1342 [quasi
549 1265 700 1344 ἀρειοτέρη
720 1284 777 1326 uon
798 1267 875 1325 idem
891 1273 969 1327 esset
989 1274 1077 1340 atque
1096 1265 1243 1340 dpee'vwvl]

119 1363 243 1421 caeteris
264 1361 373 1420 deabus
386 1361 528 1420 Venerem
549 1363 579 1418 in
599 1362 717 1434 vulgata
738 1361 882 1434 scriptura
899 1361 956 1419 dici
971 1368 1059 1432 atque
1077 1358 1245 1437 ἀρειοτέρης

118 1454 266 1528 epitheton
285 1455 435 1513 Minervae
455 1456 552 1527 potius
572 1455 725 1513 convenire
747 1471 783 1513 ex
812 1456 915 1515 Nonne
928 1454 1013 1514 Dion.
1027 1454 1084 1513 XX
1104 1461 1158 1513 915
1179 1470 1245 1526 pro·

119 1547 212 1606 bavit:

529 1645 616 1713 Εἶδες
631 1645 746 1727 Ἀθήνην

157 1740 243 1797 παῖθα
263 1739 330 1807 Διὸς
350 1740 466 1821 θήλειαν
486 1740 653 1820 ἀρειοτέρην
674 1739 819 1800 Διονύσου.
859 1742 986 1815 Scripsit
1005 1742 1108 1814 igitur:

129 1828 219 1909 ’Ἥρη
237 1830 291 1909 μὲν
311 1833 479 1910 παράκοιτις
497 1834 674 1912 ἀγαλλομένη
696 1834 764 1901 Διὸς
783 1833 850 1916 εθνῇ

158 1923 257 1981 ἵστατο
278 1923 466 2004 θαμβήσασα·
487 1925 536 1983 καὶ
555 1922 644 2004 ἤθελε
664 1925 812 2004 ληίζεσθαι

158 2016 277 2074 πασάων
293 2014 414 2094 Ἀγεληῒς
433 2017 585 2096 ἀρειοτέρη
605 2023 736 2096 γεγαυῖα·

153 2288 220 2374 Ἡρη
240 2291 268 2351 θ’
293 2292 327 2352 οὐ
343 2295 473 2374 μεθέηκε
494 2299 567 2368 (scil.
588 2300 708 2372 Veneri)
730 2300 778 2357 καλ
800 2297 855 2378 οὐχ
876 2298 1005 2358 ὑπόεικεν
1021 2296 1129 2378 Ἀθήνη.

120 2422 179 2482 Sed
208 2425 251 2482 ita
280 2440 393 2497 quoque
418 2431 520 2484 contra
542 2430 740 2500 symmetriam
770 2435 923 2502 peccatur3
948 2444 1020 2485 nam.
1037 2427 1108 2486 Iuno
1132 2442 1245 2500 quoque

120 2516 226 2573 malum
251 2516 419 2576 desiderare
444 2518 559 2592 debuit,
588 2522 664 2579 sicut
687 2521 819 2580 fecerunt
847 2522 877 2578 in
903 2520 1089 2592 sequentibus
1111 2521 1245 2578 Minerva

121 2613 152 2666 et
164 2608 268 2668 Venus.
302 2610 400 2669 Etiam
420 2611 578 2671 Schneider
597 2614 627 2670 in
646 2630 704 2671 rec.
726 2632 755 2687 p.
779 2621 832 2673 195
849 2614 1006 2673 'Tournerii
1026 2613 1174 2669 inventum
1193 2613 1244 2669 im·

119 2752 261 2830 probavit.
286 2786 315 2795 —
341 2751 382 2814 67
397 2752 424 2810 δ’
442 2773 497 2814 om.
512 2757 559 2827 Μ;
580 2776 632 2814 ατε
645 2758 686 2830 Μ,
707 2753 760 2814 ἅτε
773 2757 806 2829 Ρ,
827 2720 899 2833 άτεερ
915 2757 964 2828 W3
985 2755 1135 2833 ἀρειοτέρη
1147 2754 1180 2811 Μ
1186 2771 1194 2824 ;
1208 2785 1244 2796 -

121 2892 163 2952 68
174 2914 245 2972 κτερ
263 2893 341 2954 ἐστὶν
353 2894 473 2974 ἐρωτων
483 2899 529 2971 Μ;
543 2933 574 2941 -
589 2897 632 2958 69
644 2899 711 2957 ῑδῶν
727 2921 775 2957 και
784 2902 832 2973 Μ;
852 2899 955 2965 παῖδας
970 2901 1008 2972 Q3
1029 2861 1157 2962 καλέάας
1170 2896 1202 2954 Μ
1207 2896 1245 2966 Ρ;

120 2985 249 3053 καλέσας
264 2989 326 3061 OQ.
359 2990 404 3048 De
424 3008 467 3049 vv.
483 2999 528 3051 69.
545 2996 580 3051 76
600 2994 673 3051 haec
695 2993 842 3051 Hermann
862 3010 890 3068 p.
907 3001 942 3053 12
970 2992 1069 3051 »Haec
1091 2996 1121 3049 et
1144 2990 1246 3048 scabra

121 3085 167 3138 est
187 3087 217 3139 et
236 3081 340 3140 vitiosa
357 3083 461 3143 oratio.
494 3085 595 3157 Quam,
618 3087 673 3144 nisi
686 3086 845 3145 omittendo
858 3091 1010 3159 peccatum
1025 3090 1079 3157 est,
1100 3082 1177 3156 quod
1189 3098 1245 3141 uon

121 3178 168 3232 est
186 3175 351 3247 verisimile,
371 3177 414 3235 sic
433 3179 560 3250 corrige:

274 3282 348 3350 Ζεὺς
359 3275 401 3343 Ιδὲ
420 3285 519 3344 θεάων
540 3291 634 3354 νεῖκος
654 3287 731 3358 ἰδών,
751 3285 783 3346 ὃν
802 3286 889 3345 παῖδα
909 3283 1059 3352 καλέσσας

275 3379 351 3435 τοῖον
368 3376 588 3458 ῥποδρήσσοντα
607 3380 796 3455 προσέννεπεν
812 3370 992 3458 Ἕρμάωναι.

122 3486 215 3558 Quam
240 3488 434 3548 coniecturam
455 3505 473 3548 a
493 3491 615 3555 Lehrsio
642 3497 792 3565 receptam
813 3497 843 3550 et
862 3508 881 3550 a
900 3490 1059 3550 Toumerio
1079 3506 1107 3564 p.
1124 3497 1159 3549 16
1180 3506 1246 3563 pro·

5 3626 7 3653 ,
120 3578 219 3638 batam
239 3578 342 3640 falsam
363 3597 427 3640 esse
447 3583 515 3642 inde
536 3590 675 3657 apparet,
706 3584 783 3656 quod
802 3586 922 3644 Nonnus
948 3584 1067 3656 eiusque
1087 3586 1246 3642 sectatores

6 3670 7 3689 ¹
120 3674 319 3746 monosyllaba
338 3676 368 3732 iu
388 3675 505 3735 brevem
526 3678 653 3736 vocalem
673 3683 704 3736 et
719 3683 924 3737 consonantem
938 3679 1094 3737 terminata
1107 3692 1246 3748 nusquam

119 3766 151 3823 in
170 3767 261 3838 tertii,
281 3768 377 3839 quarti
398 3770 443 3827 vel
464 3771 557 3842 quinti
577 3763 661 3845 pedis
682 3770 759 3828 thesi
779 3776 950 3843 posueruut,
972 3787 1047 3842 quae
1068 3769 1246 3830 Scheindleri

121 3864 167 3917 est
185 3857 362 3921 ‚observatio
387 3862 417 3919 in
442 3860 609 3920 zeitschrift
634 3860 681 3919 fiir
707 3861 946 3920 osterreichische
971 3861 1146 3934 Gymnasien
1173 3863 1245 3922 1879

119 3967 150 4024 p.
165 3957 222 4009 499
233 3967 275 4024 sq.
293 3985 329 3994 -
351 3954 489 4014 »Poterat
503 3955 683 4028 [Hermann]
704 3971 762 4013 nna
774 3954 932 4013 mutatione
946 3952 1065 4025 defungi
1077 3971 1131 4026 pro
1144 3954 1246 4012 tribus.

123 4044 189 4115 quis
210 4046 285 4104 enim
306 4047 369 4106 iure
389 4048 598 4121 vituperaverit
617 4048 694 4107 hanc
713 4047 852 4108 orationis
872 4044 1005 4106 formam:
