3108 4662
652 311 865 375 -83..

194 494 313 554 Nonnus
336 503 380 568 16,
395 503 452 556 398
473 496 522 553 καλ
541 495 647 574 δρόμον
668 493 858 555 ἐννεάκυκλον
878 491 1076 554 ἐπιστώσαντο
1093 492 1212 573 σελήνης
1225 499 1256 555 et
1268 500 1315 568 41,

198 594 253 648 158
268 586 316 644 καλ
331 587 436 664 δρόμον
451 585 642 647 ἐννεάκυκλον
655 586 844 666 ἀναπλήσασα
857 587 979 668 σελήνης
990 587 1126 647 laudatus
1140 605 1159 647 a
1171 587 1316 650 Behkero.

194 713 233 724 -
253 679 315 740 216
336 679 409 738 ενθα
427 683 473 755 Μ;
494 681 700 761 διαστείχουσα
712 683 754 755 Μ,
774 682 802 741 Α
821 688 889 740 ante
909 697 993 754 corr,
1015 682 1054 753 Ως
1075 685 1106 739 et
1124 682 1167 740 sic
1185 697 1317 741 correxe

196 779 264 831 runt
283 774 401 833 Dorvill.
424 779 454 834 et
467 776 601 847 Lonnop3
624 772 813 853 διαστίχουσα
832 776 895 836 rell.
916 774 1000 834 codd.
1023 781 1053 832 et
1073 772 1139 833 edd.
1160 780 1228 836 ante
1241 774 1316 833 Len·

195 868 324 940 nepium3
351 865 464 945 κινύρεο
489 886 525 927 ex
544 869 577 927 M
602 868 721 926 Bekker
746 872 777 926 ct
800 869 863 926 rell.
887 873 954 940 post
980 883 1046 927 eum
1070 867 1150 940 εδδ,
1179 863 1317 944 κινύρετο,

196 960 272 1030 quod
296 962 409 1033 recepit
432 961 569 1034 Lennep,
590 961 672 1021 codd.
698 959 769 1019 dett.
795 966 913 1032 praeter
933 960 973 1033 G,
999 960 1048 1032 qui
1072 976 1137 1018 cum
1165 958 1230 1018 edd.
1250 966 1318 1020 ante

195 1052 374 1126 Lennepium
399 1055 489 1113 habet
513 1052 655 1131 κινθρατο.
682 1085 714 1098 -
743 1052 828 1129 ρολίς
854 1059 920 1111 ante
946 1069 1019 1112 corr.
1046 1052 1079 1124 ὃς
1109 1047 1184 1128 ἀκρί
1202 1072 1252 1131 την
1275 1053 1317 1126 Μ,

197 1143 313 1224 θαυίιην
332 1148 360 1206 Β
381 1154 411 1206 et
429 1146 495 1207 fort.
515 1150 557 1220 N3
579 1144 688 1205 ἀκοίτιν
708 1147 775 1206 edd.
800 1148 899 1220 antiq,
919 1163 992 1206 corr.
1015 1147 1102 1204 etiam
1116 1145 1260 1206 Perdrier.
1282 1178 1317 1187 -

199 1237 257 1297 alr
278 1238 450 1318 δεχνυμένην
470 1241 516 1312 Μ,
543 1238 700 1319 δεχνυμένη
724 1257 760 1298 ex
779 1241 934 1313 Anonymi,
955 1238 1082 1298 Brodaei
1107 1244 1208 1297 elsua
1228 1240 1318 1311 ipsius

198 1333 364 1393 coniectura
373 1319 776 1412 recepitLenn'epmipvope'vp
785 1334 939 1393 relicodd.
947 1338 977 1391 et
986 1338 1053 1391 ante
1063 1331 1242 1405 Lennepium
1252 1331 1319 1391 edd.

199 1456 235 1465 -
256 1445 385 1503 απημονα
398 1429 443 1500 Μ;
468 1429 595 1502 »Phyllis
617 1444 723 1501 cupere
743 1426 845 1486 debuit
859 1429 993 1486 maritum
1013 1421 1140 1502 ἀπήμονα
1157 1425 1319 1484 rediturum

198 1536 271 1589 esse,
293 1521 346 1579 sed
366 1537 429 1580 cum
449 1523 633 1581 nihilominus
654 1521 742 1579 etiam
755 1537 811 1579 non
825 1516 940 1598 ἀπήμων
954 1520 1051 1579 redire
1065 1519 1202 1593 potuerit,
1223 1519 1319 1577 malim

197 1610 339 1690 ἀγήνορα(
362 1615 504 1674 Tournier
523 1632 552 1689 p.
574 1623 619 1675 28.
643 1649 676 1657 -
699 1613 758 1673 218
778 1612 884 1670 οππότε
903 1613 949 1684 Μ;
973 1610 1112 1688 araucas
1130 1611 1178 1685 M3
1198 1631 1254 1669 απο
1272 1611 1321 1683 Μ;

198 1703 295 1781 δήμων
316 1727 359 1783 ηρ.
378 1728 435 1782 μου
455 1715 487 1766 ut
506 1708 621 1766 videtur
638 1708 660 1767 G
680 1713 748 1766 ante
768 1724 851 1778 corr,
871 1704 961 1783 δήμου
982 1706 1016 1779 G,
1037 1704 1133 1782 δήμων
1151 1705 1215 1763 rell.
1236 1704 1319 1764 codd.

200 1805 230 1858 et
251 1800 316 1858 edd.
337 1807 455 1874 praeter
469 1802 588 1861 Portum
603 1808 633 1860 et
652 1802 804 1873 Iulianum,
824 1802 873 1872 qui
893 1797 982 1877 δήμου
1003 1815 1039 1857 cr
1053 1799 1135 1857 Porti
1155 1799 1321 1858 coniectura

199 1892 380 1966 aLcnnepio
393 1895 557 1967 improbata
571 1895 756 1967 scripserunt.
783 1894 893 1965 Quibus
906 1894 1059 1952 obsecutus
1079 1908 1151 1965 sum,
1175 1908 1240 1950 cunr
1260 1892 1321 1950 vul-

199 1995 270 2056 gara
289 1988 435 2059 scriptura
458 1988 559 2060 opicae
580 1988 718 2046 orationis
742 2003 798 2043 non
824 2002 889 2044 esse
911 1985 981 2043 mihi
1005 1987 1067 2047 visa
1092 1986 1138 2044 sit.
1175 1980 1322 2062 Ἀθηναίης

199 2075 254 2134 θπδ
275 2077 372 2158 δήμων
394 2098 430 2139 cx
450 2083 548 2154 glossa
562 2077 689 2158 Ἀθήναις
709 2078 871 2156 ἀποδημῶν,
891 2094 965 2150 quae
985 2093 1084 2135 veram
1102 2077 1268 2136 lectionem:
1287 2076 1321 2143 ἐς

197 2167 310 2229 Ἀτθίδα
330 2177 411 2250 γαῖαν
433 2172 568 2231 ἀπελθὼν
589 2174 745 2247 expulerit,
772 2173 843 2231 mire
864 2171 989 2230 credidit
1008 2171 1149 2230 Tournier
1166 2188 1196 2245 p.
1218 2179 1319 2230 18.-

201 2263 261 2324 ala
287 2266 329 2322 τῶ
354 2267 399 2339 Μ;
423 2263 622 2344 βαθυκλήροις
647 2268 687 2339 Q3
715 2262 913 2343 βαθυκλήροιο
937 2265 967 2322 in
991 2263 1182 2336 suspicionem
1207 2267 1320 2325 vocavit

199 2359 341 2418 Tournier
359 2378 387 2432 p.
408 2368 454 2433 30,
475 2361 525 2432 qui
544 2360 637 2419 locum
662 2376 697 2418 ex
716 2360 813 2419 Nonni
831 2359 917 2418 Dion.
936 2358 1021 2431 ΧΙΙΙ,
1042 2360 1078 2417 70
1103 2358 1210 2431 corrigi
1233 2375 1319 2432 posse

201 2452 345 2525 opinatur,
362 2454 409 2513 ubi
425 2454 475 2512 alii
486 2452 699 2530 βαθυκνήμους,
720 2455 770 2512 alii
783 2450 1007 2531 βαθυκρήμνους
1020 2451 1182 2526 ediderunt,
1200 2469 1319 2526 quorum

199 2544 278 2616 prius
295 2550 375 2603 extat
389 2546 418 2602 in
437 2547 545 2618 optimo
557 2545 658 2604 codice
669 2546 874 2605 Laurentiano.
892 2543 1106 2622 διαχθονυςΜ;
1116 2545 1267 2623 οῖμονίηιον
1277 2548 1318 2618 Μ,

200 2634 351 2714 αλμονιήων
366 2637 430 2712 GR,
446 2637 618 2719 υήιονιήσιον
633 2640 666 2713 Ρ,
679 2635 837 2716 ἐμμονιήων
850 2639 885 2708 A,
899 2635 1061 2715 ἐμμονιήως
1075 2640 1107 2709 Q.
1138 2638 1209 2699 (ium
1220 2639 1320 2718 Ἀχαιλς

200 2733 267 2807 ηαῖα
277 2748 333 2790 non
346 2731 535 2801 Thessaliam,
544 2733 597 2791 sed
607 2738 698 2792 totam
705 2732 858 2791 Graeciam
867 2729 1018 2803 significet,
1031 2746 1147 2789 »verum
1157 2749 1214 2791 non
1223 2740 1320 2806 potest

200 2825 357 2897 essequod
369 2826 571 2898 v.2181egitur
581 2824 628 2882 διδ
637 2822 748 2902 χθονδς
754 2822 916 2904 Αἱμονιήων.
926 2841 993 2883 nam
1003 2824 1250 2897 perHaemoniam
1259 2829 1320 2888 sive

198 2917 379 2976 Thessaliam
400 2918 543 2977 Graeciae
563 2919 648 2978 urbes
669 2935 811 2993 apparere
825 2919 924 2977 Paridi
943 2935 1000 2977 non
1019 2924 1187 2993 potuerunt.
1198 2901 1321 2980 'accedit

200 3011 277 3082 quod
297 3009 346 3067 διὰ
362 3009 475 3089 χθονὸς
494 3011 551 3070 dici
572 3029 629 3071 non
648 3015 745 3085 potuit
763 3014 819 3070 nisi
845 3013 945 3073 addito
969 3015 1139 3088 participio,
1167 3017 1251 3088 quale
1276 3023 1321 3076 est

198 3099 384 3180 πορευομένῳ
405 3106 451 3163 vel
470 3103 649 3182 πορευθέντι,
672 3122 843 3178 quamquam
863 3107 910 3164 vel
929 3108 971 3165 sic
987 3108 1096 3180 aliquid
1109 3115 1236 3168 restaret
1248 3110 1321 3169 diffi-

199 3196 331 3267 cultatis,
358 3196 435 3268 quod
455 3197 539 3256 Paris
565 3204 685 3271 practer
708 3215 789 3258 oram
808 3199 976 3258 Thessaliae
995 3202 1155 3274 navigavit,
1179 3219 1236 3263 non
1255 3221 1321 3277 pro

200 3287 294 3348 fectus
320 3297 365 3349 est
389 3307 444 3362 per
470 3290 658 3352 Thessaliam.
697 3292 758 3350 Has
787 3298 884 3351 antem
909 3291 1094 3352 difficultates
1120 3296 1218 3353 statim
1243 3298 1321 3356 vide-

199 3381 293 3440 bimus
318 3391 460 3457 remotas,
486 3385 536 3443 ubi
561 3374 604 3444 ita
629 3387 841 3458 scripserimus:
875 3384 959 3462 δίχα
985 3384 1098 3463 χθονὸς
1120 3382 1319 3466 Ἠμαθιήων.

200 3475 297 3547 Atque
312 3470 466 3552 Ἠμαθιήιον
480 3480 567 3536 etiam
582 3494 616 3536 eo
632 3479 857 3551 commendatur,
876 3479 952 3549 quod
965 3485 1032 3550 post
1045 3479 1197 3538 Thraciam
1212 3483 1250 3551 (v.
1265 3489 1320 3541 212

200 3570 308 3639 -alll
331 3585 388 3628 non
408 3569 505 3627 statim
526 3570 555 3626 in
571 3569 724 3628 Graeciam
743 3570 828 3629 Paris
847 3571 935 3643 venit,
955 3570 1007 3628 sed
1026 3571 1107 3644 prius
1119 3571 1320 3634 Macedoniam

201 3677 266 3720 eum
280 3663 427 3735 attingere
448 3664 584 3737 oportuit.
617 3664 708 3722 Recte
721 3663 811 3736 igitur
823 3665 943 3731 dicetur,
964 3668 1112 3737 practer
1127 3665 1201 3724 hanc
1212 3671 1320 3727 terram

200 3756 369 3829 apparuisse
398 3756 499 3814 Paridi
534 3756 676 3816 Graeciae
706 3757 792 3815 urbes
822 3755 1066 3815 florentissimas«
1121 3758 1321 3821 Schneider

199 3866 228 3922 p.
249 3853 315 3908 417.
355 3849 435 3922 Ego,
456 3866 520 3908 cum
540 3848 610 3927 δίχα
629 3847 739 3928 χθονὸς
755 3846 915 3929 Ἠμαθιήων
935 3850 971 3908 ab
992 3851 1074 3923 epico
1099 3852 1215 3923 quidem
1233 3861 1322 3927 poeta

200 3942 247 3999 vix
270 3958 324 4014 pro
354 3949 506 4015 praeter
532 3943 733 4003 Macedoniam
765 3944 821 4002 dici
846 3958 933 4016 posse
961 3959 1131 4017 persuasum
1162 3944 1320 4021 habuerim,

201 4034 342 4106 simulque
358 4033 513 4115 Αἱμονιήων
531 4036 577 4094 vel
595 4035 661 4095 idco
680 4036 818 4094 intactum
832 4036 1032 4108 reliquendum
1050 4034 1140 4097 fuisse
1152 4041 1324 4129 repulerim,²

1085 4130 1118 4182 6*
