3122 4656
612 343 826 405 ..51-

150 526 301 586 Excitavit
329 526 510 599 potissimum
542 525 616 583 hano
646 526 676 582 in
706 527 802 585 animo
826 542 891 586 meo
917 494 1113 600 suspicionem
1134 532 1279 589 structura

155 620 243 693 paolo
261 621 364 693 rarior,
384 634 442 690 qua
455 619 512 676 tria
526 619 674 676 minimum
687 619 803 678 nomina
816 617 958 696 κορανίη,
979 613 1068 698 ἔγχος
1088 626 1117 679 et
1134 619 1223 696 βέλος
1240 621 1278 681 ab

152 713 238 771 unico
259 707 367 782 ἕλκειν,
388 710 464 782 quod
485 711 533 767 vix
553 710 605 767 ulli
627 711 730 771 horum
749 716 830 769 recte
851 713 1008 783 conveniat,
1030 713 1166 784 pendent.
1208 714 1279 780 Oum

152 810 252 863 tamen
265 803 406 862 eiusmodi
420 807 586 860 structurae
601 807 662 860 tum
676 804 764 861 etiam
778 803 856 877 apud
869 805 942 862 alios
956 810 1100 875 auctores,
1120 812 1180 865 tnm
1202 807 1279 880 apud

153 899 248 971 ipsum
273 902 403 955 nostrum
427 900 543 968 poetam
564 896 758 968 inveniantur,
778 901 811 953 ut
830 914 856 954 v.
871 904 908 954 34
928 894 989 962 οἷος
1013 893 1087 955 δὀὐ
1107 894 1221 977 κυνέην,
1245 895 1279 956 οὐ

153 986 233 1067 ιληίον
253 985 342 1066 ἔγχος
355 985 470 1063 ἀείρων,
492 988 516 1045 si
533 989 579 1044 cni
592 1004 676 1046 secus
690 987 831 1060 videatur,
851 989 927 1047 hanc
940 989 1133 1049 coniecturam
1146 993 1176 1049 in
1195 1008 1279 1066 spon·

156 1084 232 1154 giam
258 1080 338 1139 abire
358 1078 444 1137 facile
464 1080 572 1152 patiar,
591 1095 646 1137 nec
666 1080 771 1138 invitus
792 1080 840 1139 ibo
860 1081 889 1139 in
913 1082 1084 1140 sententiam
1105 1083 1159 1140 viri
1178 1086 1280 1149 summi

153 1176 182 1234 J.
196 1175 249 1234 Ph.
263 1173 418 1245 D'Orville,
439 1174 488 1244 qui
506 1189 594 1245 super
607 1173 661 1232 hoc
679 1174 744 1232 loco
758 1174 834 1232 haec
853 1174 930 1232 inter
943 1175 1001 1232 alia
1015 1175 1120 1234 adme.
1151 1178 1278 1250 Versu,

154 1268 256 1353 inquit,
277 1273 311 1324 91
326 1282 394 1324 non
408 1267 520 1323 ausim
532 1272 669 1325 mutare
684 1262 812 1351 ἔγχος;
830 1265 940 1342 βέλος
960 1264 1150 1341 dixerant
1164 1268 1278 1346 ξίφος,

154 1367 254 1419 recte
276 1358 348 1416 diei
368 1358 520 1415 videtur⁴
561 1359 672 1418 Porro
694 1366 811 1418 notum
834 1366 901 1437 est,
922 1361 1089 1434 pluribus
1109 1363 1279 1421 snbstan-

155 1456 239 1514 tivis
253 1452 386 1510 subiici
399 1451 544 1508 verbum
557 1468 625 1509 non
638 1453 784 1524 stricte,
799 1453 864 1511 sed
878 1455 998 1512 vicino
1013 1455 1161 1525 quodam
1174 1471 1279 1513 sensu

154 1548 237 1606 istis
263 1543 619 1602 accommodandum«
660 1545 704 1602 De
724 1561 767 1602 vv.
791 1552 836 1603 92.
857 1554 893 1604 93
920 1547 992 1605 haee
1012 1547 1159 1606 Hermann
1184 1566 1211 1621 p.
1228 1556 1278 1608 13:

159 1658 232 1700 »non
252 1642 319 1697 sunt
336 1637 390 1694 illa
410 1637 527 1708 quidem
547 1638 588 1694 sic
608 1637 688 1694 dicta
714 1647 746 1695 nt
771 1637 855 1696 valde
879 1638 1053 1711 reprehendi
1077 1641 1201 1713 possint:
1227 1642 1279 1700 sed

154 1741 252 1794 tamen
271 1732 355 1789 huius
371 1736 470 1789 sectae
483 1736 571 1802 poeta
586 1731 736 1789 maluisset
756 1727 809 1788 οὐκ
828 1726 918 1810 ἔγχος
927 1729 1033 1808 Ἀρήιον
1047 1733 1182 1793 scribere.
1213 1734 1278 1797 Duo

152 1829 237 1889 codd.
258 1823 316 1883 οὐδ’
339 1820 430 1902 εὖχος
454 1824 612 1897 praebent,
639 1824 715 1882 unde
743 1825 807 1895 quis
832 1842 889 1885 non
913 1824 998 1884 facile
1023 1826 1085 1906 sibi*
1103 1828 1280 1900 persuadeat

156 1922 339 1982 scribendum
361 1936 437 1977 esse:
883 1914 917 1975 od
934 1915 1080 1994 βασιλήων

345 2010 491 2088 κοιρανίην
511 2008 571 2068 οὐδ’
596 2006 693 2089 εὖχος,
710 2007 814 2087 Ἀρήϊον
834 2007 867 2066 οὐ
885 2008 974 2084 βέλος
994 2005 1081 2066 ἕλκω.

155 2151 230 2209 Nam
244 2149 282 2207 ad
295 2143 386 2226 ἔγχος
408 2149 434 2206 si
447 2147 584 2206 adiicitur
600 2145 698 2222 βέλος,
719 2147 792 2204 nihil
811 2146 841 2204 id
862 2151 908 2205 est
926 2145 982 2203 nisi
1003 2144 1079 2217 quod
1098 2145 1278 2205 tamdictum

159 2248 237 2303 erat:
252 2259 352 2314 regum
367 2259 436 2301 vero
450 2242 507 2301 duo
520 2243 679 2314 praecipua
692 2247 768 2313 sunt,
781 2240 932 2312 imperinm
946 2244 976 2297 et
990 2238 1144 2311 dignitas«
1173 2238 1278 2298 Contra

157 2336 315 2396 Schneider
334 2354 362 2408 p.
378 2343 450 2406 4353
479 2335 552 2407 »Qui
573 2329 652 2390 έλκω
674 2335 762 2391 etiarn
788 2332 826 2391 ad
853 2332 995 2409 κοιρανίην
1021 2332 1098 2391 trahi
1122 2349 1207 2404 posse
1227 2350 1279 2405 pn·

157 2434 236 2504 tant,
250 2484 252 2487 ,
265 2445 368 2487 vereor
393 2445 430 2487 ne
456 2429 615 2500 zeugmatis
639 2425 749 2499 figurae
775 2424 846 2484 fines
870 2426 959 2484 multo
982 2425 1072 2483 iatius
1096 2430 1199 2497 patere
1224 2426 1279 2484 sibi

158 2524 356 2595 persuadeant
383 2539 468 2595 qnam
494 2521 573 2580 credi
597 2538 652 2594 par
679 2526 732 2580 est.
764 2519 896 2592 equidem
925 2519 1086 2591 putaverim
1114 2517 1278 2581 Oolluthum

155 2616 308 2689 scripsisse
334 2611 368 2672 οὐ
385 2611 532 2690 βασιλεύω
552 2606 703 2691 κοιρανίην.
724 2629 790 2670 nam
809 2611 919 2684 figurae
940 2612 1164 2685 etymotogicae,
1189 2630 1278 2685 onem

156 2708 319 2768 Lobechius
337 2709 421 2781 dicit,
443 2709 538 2766 iocum
557 2707 605 2766 hic
624 2723 689 2765 esse
706 2708 750 2764 ita
769 2711 804 2768 at
816 2705 991 2767 adiectivum
1010 2704 1105 2767 cutm
1122 2707 1222 2778 possit,
1241 2725 1277 2773 eo

151 2809 240 2876 patet
262 2803 339 2875 quod
362 2798 523 2877 βοοιλειίειν
544 2800 659 2874 quidem
685 2799 742 2859 dici
766 2804 864 2872 potest
883 2798 980 2861 venus
999 2801 1046 2867 (ut
1061 2795 1194 2872 βασίλεια
1210 2817 1278 2862 enm

151 2896 227 2955 ,oliti
247 2895 346 2968 audit,
375 2902 435 2953 tam
456 2894 535 2968 apud
554 2895 648 2968 ipsum
666 2893 831 2955 Oohuthum
849 2895 940 2965 att)
955 2890 1012 2953 scd
1028 2908 1088 2954 non
1104 2898 1203 2969 potest
1217 2896 1279 2957 dici

154 2990 264 3050 hahere
283 2988 435 3064 κοιρανίην,
460 2995 493 3047 nt
512 2988 608 3060 potuit
626 2988 702 3047 June
722 3005 748 3046 v.
763 2994 809 3047 89.
829 2987 962 3051 nimirum
981 2986 1098 3046 ramum
1114 2985 1278 3063 βασιληίων

155 3084 245 3156 panio
266 3082 398 3142 latiormn
418 3081 510 3140 hahet
528 3081 668 3141 ambitum
688 3097 774 3153 quam
794 3080 937 3157 κοιρανίη,
957 3085 995 3141 ut
1011 3079 1158 3143 adtendite
1172 3083 1277 3146 ,admo

149 3195 212 3238 ‘oen
231 3194 304 3251 opus
327 3177 375 3234 sit
414 3173 770 3247 cruciamentum.
797 3181 905 3246 poca.
940 3173 1003 3235 aee
1026 3168 1118 3252 ἔγχος
1136 3191 1277 3247 nonmu-

152 3272 278 3330 taaerim
303 3286 368 3328 cum
385 3269 562 3340 Hermanno,
584 3269 638 3340 oui
663 3267 774 3328 dachus
795 3266 948 3331 codicibus
973 3267 1067 3338 tienne
1086 3283 1143 3329 nee
1155 3271 1277 3341 ophis

150 3363 309 3423 obsecutus
334 3361 544 3423 commendarit
567 3357 631 3419 οὐδ’
652 3355 760 3438 εὖχος,
783 3357 884 3437 Ἀρήϊον
908 3356 941 3417 οὐ
966 3356 1055 3432 aaa
1081 3355 1178 3432 ἕλκω,
1210 3379 1277 3423 nm

151 3450 248 3534 ἔγχος
263 3456 292 3514 si
312 3456 462 3516 adiuntur
479 3452 586 3530 βέλος,
611 3454 685 3513 nihil
710 3453 740 3512 id
764 3469 831 3513 asae
853 3454 911 3513 nisi
929 3451 1083 3523 quad-tan
1097 3450 1210 3514 caetu
1225 3457 1276 3516 m‘t.

150 3563 223 3606 mam
241 3547 331 3623 βέλος
343 3551 373 3607 in
384 3549 584 3607 eaiocmc'cme
599 3547 738 3619 smmum
748 3545 894 3619 s'mrmicst
914 3541 1010 3615 (τάξον
1030 3563 1055 3605 u·
1069 3548 1173 3616 uti-ert
1186 3546 1278 3610 decet

155 3642 250 3701 Nonn-
270 3642 388 3715 Dionys.
411 3649 457 3714 15,
479 3648 548 3703 aad.
570 3646 616 3712 le,
637 3647 664 3698 2.
687 3641 732 3712 λλ,
755 3645 818 3698 109.
840 3647 886 3712 28,
907 3643 973 3712 nt,
990 3645 1059 3701 we
1076 3645 1125 3711 at,
1142 3646 1210 3701 164.
1225 3644 1276 3712 ei,

157 3739 222 3797 toa.
249 3745 295 3810 ae,
313 3744 381 3796 aaa
406 3744 452 3810 ao,
472 3743 542 3796 oco.
564 3735 602 3794 cd
619 3728 712 3812 ἔγχος
731 3739 828 3792 mmm
853 3737 933 3800 reete
953 3731 1062 3793 reterri
1082 3727 1168 3793 dexo
1192 3733 1277 3794 docet

155 3830 258 3904 Eurip.
284 3831 371 3892 Rhoe.
398 3832 459 3891 dtu
486 3825 539 3907 ἐφ’
563 3822 640 3906 ᾧπερ
665 3822 759 3906 ἔγχος
783 3825 934 3885 ,εἵλκυσται
959 3824 1058 3889 κάδοι
1101 3825 1181 3898 Ego,
1211 3845 1276 3886 cum

156 3924 225 3982 olim
248 3923 374 3982 offensus
401 3924 489 3983 etiam
515 3922 664 3996 praesenti
690 3917 769 3979 ἕλκω
794 3925 861 3994 post
884 3917 1083 3993 imperfectum
1103 3913 1155 3996 ἔην
1174 3937 1276 3994 parum

156 4016 307 4093 eleganter
323 4018 437 4097 posito,
458 4013 538 4097 εἶχον
555 4033 612 4093 pro
631 4011 713 4073 ἕλκω
734 4032 769 4079 ex
788 4032 832 4074 vv.
854 4019 900 4072 95.
921 4020 956 4073 96
973 4012 1177 4090 cometissam,
1201 4031 1280 4081 nuno

682 4106 686 4118 ,
1040 4105 1074 4156 4,
