3108 4662
741 340 954 403 ..78-

292 530 385 588 »viros
405 529 435 586 in
456 528 536 586 idam
557 527 648 598 duxit,
675 526 724 584 ubi
749 526 868 584 arbores
895 525 1050 584 frondosae
1076 525 1167 582 silvae
1194 540 1299 583 caesae
1321 530 1416 583 suntor.

290 624 347 683 Sed
367 638 442 681 nunc
461 619 506 679 ἐπὶ
535 618 684 678 δάσκιον
711 613 814 697 ἤγαγεν
839 615 921 695 δλην
942 637 967 676 ν.
983 626 1038 678 194
1062 618 1244 676 retinendum
1266 635 1330 676 esse
1350 635 1416 690 per·

289 717 381 774 suasit
402 725 498 776 miili
524 713 576 772 ὑπὸ
603 713 754 771 δάσκιον
779 706 886 789 οὔρεος
910 709 989 790 ὕλην
1016 717 1046 770 et
1065 730 1091 769 v.
1106 719 1162 771 358
1192 709 1244 767 ὑπὸ
1269 709 1416 768 δάσκιον

289 804 382 885 ὕλην,
407 810 477 868 licet
498 808 718 869 Wernilrianum
745 798 831 866 etiam
853 807 996 864 Tournier
1015 822 1043 879 p.
1059 807 1105 863 27.
1121 813 1157 864 28
1178 805 1355 877 probaverit.
1379 836 1411 846 -

291 900 348 961 195
370 901 477 978 άνερας
496 900 663 981 εργοπόνοιο
684 900 829 978 δαημυνας
849 898 1027 975 ἀτροιτῶνης
1044 899 1087 970 Μ,
1107 899 1137 957 in
1162 914 1218 970 quo
1239 897 1416 974 άτριυτῶνης

290 1002 354 1054 erat
379 1003 446 1055 ante
472 1013 561 1067 corr.;
591 992 735 1068 δαήμονας
759 1009 796 1051 ex
820 989 937 1068 δαῆμων
963 991 1057 1050 effecit
1084 993 1229 1064 glossator
1253 993 1284 1049 in
1311 991 1349 1063 Q,
1378 1025 1412 1033 -

290 1087 349 1147 196
369 1087 441 1146 ενδοι
455 1090 501 1160 Μ;
521 1085 725 1162 πολυπρέμνοιο
738 1086 779 1158 Μ,
801 1085 877 1143 unde
892 1086 993 1157 optimi
1007 1085 1115 1144 codicis
1130 1085 1282 1144 lectionem
1297 1091 1415 1143 secutus

288 1182 494 1259 πολυπρέμνοιο
509 1182 586 1240 edidi
601 1181 705 1239 collato
725 1196 751 1237 v.
767 1186 822 1237 358
844 1176 917 1234 ἀλλὰ
932 1175 1190 1254 πολυπρέμνων
1211 1175 1341 1254 ξυλόχων
1361 1174 1415 1234 ὑπὸ

289 1275 411 1334 δάσκιον
438 1272 503 1353 ὕλην
533 1281 562 1334 et
586 1275 738 1347 Apollonio
759 1273 871 1332 Rhodio
890 1272 931 1330 IV
952 1280 1006 1331 160
1037 1268 1130 1328 κύκλα
1154 1269 1415 1347 πολυπρέμνοιο

1223 1361 1235 1390 0

289 1405 329 1462 δι’
349 1402 387 1473 ἐξ
403 1400 472 1481 ὕλης
498 1403 669 1475 πετάνυστο;
695 1436 731 1444 -
757 1400 964 1477 ταναπρέμνοιο
983 1401 1045 1472 SV,
1066 1363 1273 1476 τανυπρέμλοοιο
1286 1399 1319 1470 Ρ,
1334 1415 1415 1453 τανυ-

289 1495 422 1573 πρέμνοιο
442 1499 506 1556 rell.
529 1497 612 1555 codd.
634 1502 664 1554 et
685 1495 759 1565 edd,
786 1494 862 1566 quod
883 1493 1015 1553 defendit
1034 1494 1161 1566 Bekker,
1183 1476 1290 1554 collato
1311 1493 1414 1550 Nonne

289 1591 387 1649 V541
416 1585 488 1647 ἔνθα
513 1586 774 1664 τανυπρέμνοιο
804 1585 948 1666 διέστιχον
980 1582 1059 1644 ἔνδια
1089 1585 1197 1664 λόχμης
1223 1592 1253 1645 et
1278 1583 1416 1658 probavit

289 1682 432 1739 Toumier
450 1700 479 1754 p.
492 1683 537 1739 27.
561 1714 594 1723 -
617 1678 770 1753 δαὶζόμενα
782 1680 815 1736 M
822 1699 829 1750 ;
851 1678 938 1755 δρῦες
951 1679 992 1748 Μ,
1014 1686 1044 1737 et
1065 1678 1167 1751 Gpost
1186 1695 1275 1749 corr.;
1297 1675 1360 1751 i'dqe
1372 1677 1414 1740 Μ.

290 1775 366 1846 qnod
387 1777 563 1846 receperunt
582 1772 700 1830 Bekker
725 1777 756 1829 ct
779 1772 842 1829 rell.
863 1776 930 1843 post
950 1787 1015 1828 eum
1041 1770 1122 1841 edd.;
1149 1765 1218 1847 ὅλης
1238 1769 1322 1828 codd.
1343 1769 1415 1827 dett

290 1871 320 1925 et
339 1868 402 1925 rell.
425 1867 500 1938 edd,
519 1866 585 1924 vide
605 1865 642 1923 ad
661 1883 686 1921 v.
704 1871 772 1935 1943
794 1897 828 1905 —
851 1862 908 1923 197
927 1883 1025 1940 ηριπον
1037 1864 1079 1935 Μ,
1104 1860 1201 1940 ἤριπον
1221 1862 1415 1933 AGLNPQW

290 1958 356 2018 fort.
378 1959 461 2019 codd.
483 1960 553 2017 dett.
568 1962 693 2031 omnes);
714 1957 894 2035 αρχεκάκοιο
907 1958 954 2029 Μ;
978 1991 1010 1998 -
1034 1955 1091 2016 198
1106 1976 1139 2021 υς
1153 1957 1195 2028 Μ,
1211 1952 1252 2020 ὣς
1266 1957 1300 2028 Α,
1317 1952 1359 2020 ὡς
1375 1956 1414 2027 Q3

289 2050 359 2110 ποτὲ
374 2053 405 2125 0,
429 2072 499 2111 ποτε
518 2055 580 2112 rell.
602 2053 684 2113 codd.
706 2059 736 2111 et
757 2051 823 2110 edd.
844 2057 962 2124 praeter
986 2052 1151 2123 Lehrsium,
1178 2052 1227 2123 qui
1254 2050 1415 2108 Hermanni

290 2146 482 2204 coniecturam
504 2150 544 2218 (p.
561 2147 607 2216 17)
630 2144 697 2201 τότε
715 2145 843 2216 recepit3
870 2145 898 2200 in
921 2143 1041 2201 eandem
1062 2143 1206 2201 incideret
1224 2143 1356 2216 Koechly
1376 2142 1414 2200 ad

291 2238 397 2311 Tryph.
418 2257 443 2296 v.
460 2240 512 2309 473
533 2238 720 2314 μαργαιρυντι
745 2237 773 2295 A
798 2252 834 2295 ex
860 2253 942 2308 corr,
970 2237 1009 2309 Q,
1042 2270 1063 2277 -
1099 2233 1158 2294 199
1185 2232 1353 2309 αλεξάνδρου
1371 2236 1413 2307 Μ,

291 2328 476 2407 άλεξάνδροιο
491 2332 524 2403 Q,
545 2328 766 2404 άλεξάνδρεοΑ,
787 2334 816 2389 in
837 2331 901 2390 Gur
921 2333 998 2390 vocis
1019 2328 1186 2406 άλεξάνδρω
1206 2345 1241 2388 ex
1260 2346 1333 2389 corr.
1356 2336 1413 2401 θεῖς

290 2420 422 2497 δρυτόνω
434 2423 481 2494 Μ,
502 2423 667 2482 τεκτείνατο
682 2424 846 2496 0LNQR3
871 2423 976 2503 χαλκῶ
989 2425 1035 2499 Μ;
1057 2440 1121 2482 cum
1136 2420 1313 2499 Ἀλεξάνδρου
1332 2440 1414 2497 pror·

291 2532 339 2574 sus
360 2517 484 2576 otiosum
506 2518 544 2575 sit
563 2523 593 2575 et
607 2518 676 2594 νῆας
696 2518 824 2590 epitheto
845 2522 953 2589 careat,
973 2518 1115 2577 Teurnier
1134 2534 1163 2589 p.
1178 2520 1213 2575 27
1235 2512 1414 2593 ἐϋσσέλμους
1536 2570 1537 2599 ζ

289 2626 343 2682 pre
360 2604 534 2687 Ἀλεξάνδρῳ
555 2611 627 2668 mire
648 2611 780 2682 coniecit,
806 2611 953 2683 vulgatam
974 2612 1145 2684 scripturam
1167 2626 1203 2667 ex
1222 2611 1299 2668 mala
1318 2625 1414 2671 reeor-

290 2703 406 2763 datione
430 2704 486 2762 loci
513 2702 723 2776 Tryphiodorei
753 2710 802 2774 (61
829 2703 898 2781 νῆας
923 2700 1094 2780 Ἀλεξάνδρῳ
1121 2699 1288 2779 τεκτήνατο)
1321 2709 1413 2762 ortam

289 2812 353 2855 esse
372 2797 512 2854 iudicans.
542 2813 596 2855 vv.
612 2793 785 2854 aee-201
806 2813 862 2855 om.
884 2796 966 2854 codd.
989 2795 1060 2853 dett.
1083 2812 1180 2854 omnes
1202 2801 1232 2854 et
1258 2795 1324 2853 edd.
1346 2802 1413 2855 ante

288 2890 428 2960 Bekker.;
444 2923 477 2931 -
495 2887 563 2947 200
577 2888 755 2965 προβεβουλε
771 2896 801 2947 et
814 2887 889 2964 κσμέ
900 2889 940 2960 Μ,
959 2905 1032 2960 quae
1047 2889 1138 2947 tacite
1152 2905 1224 2948 corr.
1235 2888 1361 2947 Bekker.
1377 2922 1410 2930 -

289 2981 352 3042 201
372 2984 441 3059 νῆας
460 2979 497 3047 ἃς
509 2982 550 3050 Μ,
571 2983 647 3055 quod
660 2984 843 3042 retinuerunt
856 2983 992 3054 editores,
1012 2983 1082 3041 licet
1102 2979 1139 3047 ἃς
1159 2988 1283 3041 metrum
1302 2983 1411 3042 violare

287 3077 345 3134 iam
365 3075 483 3133 Bekker
503 3076 620 3146 viderit3
642 3071 688 3132 ἅτ’
713 3077 786 3135 coni.
808 3076 947 3134 Wernike
968 3076 1006 3134 ad
1028 3076 1185 3149 Tryphiod.
1205 3094 1234 3149 p.
1250 3083 1297 3148 43,
1310 3069 1410 3135 ‘metro

286 3170 388 3227 melius
409 3185 494 3240 quam
514 3171 676 3227 sententiae
697 3170 863 3241 consulens,
890 3169 986 3227 iudice
1006 3169 1174 3228 Hermanno
1194 3186 1222 3242 p.
1240 3171 1284 3240 il,
1306 3169 1356 3240 qui
1376 3164 1413 3232 ἃς

286 3278 339 3337 pro
360 3262 441 3321 brevi
461 3262 574 3334 syllaba
598 3262 722 3334 pesitum
742 3263 864 3321 Hesiodi
893 3263 1023 3334 exemplo
1050 3260 1411 3335 defendit-persuasitque

286 3355 417 3414 Lehrsio.
460 3354 568 3413 Oontra
588 3352 721 3414 Graefius
740 3372 768 3427 p.
784 3362 849 3413 248.
865 3361 936 3413 249:
965 3353 1061 3412 »Male
1084 3354 1242 3428 repetitum
1268 3355 1337 3433 νῆας
1361 3361 1412 3414 aut

287 3464 303 3507 ο
323 3447 380 3506 fine
400 3466 425 3505 ν.
446 3448 582 3520 praeced.
603 3453 654 3506 aut
673 3448 755 3506 initio
775 3464 800 3505 v.
819 3455 872 3507 198
893 3449 1107 3521 corruptionem
1132 3449 1190 3506 loci
1209 3447 1325 3507 videtur
1345 3449 1411 3507 eile-

287 3541 370 3612 cisse,
392 3557 455 3597 cum
475 3546 563 3612 poeta
583 3540 726 3599 dedisset:
753 3538 827 3614 κάμε
852 3542 934 3618 νῆας,
960 3540 1039 3605 οἵοις
1063 3537 1117 3597 οὐκ
1141 3536 1181 3596 ἐν.
1204 3547 1257 3600 etc.
1279 3542 1410 3600 alludens

285 3631 306 3691 f.
320 3633 358 3691 ad
372 3631 469 3704 Argus
484 3648 596 3704 navem,
616 3632 652 3691 ab
667 3633 747 3706 Argo
762 3633 878 3705 quidem
893 3639 1078 3703 exstructam,
1101 3633 1293 3706 excogitatam
1313 3638 1410 3692 tamen
1533 3634 1534 3651 ¹

286 3726 459 3798 aMinerva,
479 3723 530 3783 cir.
545 3725 676 3798 Apollon.
689 3726 704 3784 Ι
719 3733 764 3799 19,
785 3727 887 3784 autad
902 3743 1005 3799 equum
1026 3726 1190 3799 Troianum,
1212 3727 1346 3785 similiter
1365 3743 1410 3786 or·

285 3824 356 3888 tum,
377 3817 430 3876 cir.
449 3820 605 3893 Tryphiod.
625 3837 651 3875 r.
668 3821 712 3878 57.
746 3818 849 3878 Infelix
869 3836 1004 3893 acumen,
1031 3819 1153 3880 Golutho
1174 3827 1348 3880 tamennon
1368 3821 1410 3878 in·
1532 3860 1533 3903 4

287 3909 413 3984 dignum.
452 3913 536 3984 Quod
556 3913 606 3983 qui
625 3919 722 3984 negat,
742 3929 796 3984 per
816 3929 861 3971 me
882 3913 954 3973 duos
973 3929 1074 3972 versus
1095 3930 1113 3971 a
1134 3913 1203 3972 (iod.
1217 3913 1291 3974 Mut.
1306 3931 1410 3987 suppe-

286 4004 405 4078 ditatos,
427 4006 544 4065 aliunde
565 4006 711 4065 desumtos
732 4012 762 4063 et
775 4007 851 4065 male
871 4006 918 4065 hic
930 4007 1054 4067 insertos
1074 4011 1167 4080 putet.
1198 4007 1340 4080 sicergo
1361 4006 1409 4066 de·
1531 4004 1532 4007 ’

288 4095 376 4155 scribi
396 4098 491 4170 potnit
511 4098 674 4157 huiusmodi
693 4113 792 4156 versu:
