3122 4656
738 334 950 396 ..36-

374 535 445 604 [360]
539 518 674 602 ἀστέρες
696 517 882 593 ἀντέλλουσι,
906 517 955 579 καὶ
976 516 1013 579 ού
1036 516 1222 601 παλίνορσος
1243 517 1347 583 ίκάνει.

536 633 638 714 μῆτερ
654 627 724 715 ἐμή,
742 627 806 690 τίνοι
820 631 929 714 χώραν
945 623 1037 714 έχεις;
1056 624 1122 689 τίνοι
1137 625 1170 689 δ’
1185 624 1284 709 ούρεα
1300 626 1407 705 ναίεις;

282 753 356 820 (346)
540 736 733 823 πλαζομένην
756 734 857 822 θήρές
876 758 914 807 σε
929 735 1126 809 κατέκτανυν;
1149 735 1226 798 ἀλλὰ
1248 738 1296 799 καί
1319 736 1410 800 αότοί
1546 792 1547 827 [

538 846 639 933 θῆρες
661 846 821 933 ἀριζήλοιο
843 847 913 919 Διὸς
934 845 1102 929 τρομέουσι
1124 844 1286 932 γενέθλην.

468 976 520 1028 330
537 956 647 1045 ἤριπες
669 956 706 1028 ἐξ
726 956 827 1043 ὀχέων
844 954 1012 1044 χθαμαλῆς
1034 954 1083 1019 ἐπὶ
1106 960 1189 1020 νῶτα
1204 957 1307 1043 κονίης
1364 1006 1366 1010 ,

375 1195 447 1262 [355]
538 1178 595 1240 σὺν
618 1176 716 1250 δέμας
738 1175 922 1240 οἰοπόλοισιν
944 1175 989 1239 ἐνί
1010 1176 1155 1259 δρυμοῖσι
1177 1177 1321 1250 λιπούσα;

516 1310 518 1315 ’
540 1287 618 1351 ἀλλὰ
640 1286 865 1370 πολυπρέμνων
888 1285 1027 1373 ξυλόχων
1050 1286 1109 1349 ὑπό
1130 1287 1256 1349 δάσκιον
1280 1283 1355 1372 ύλην

283 1415 355 1482 (353)
543 1397 679 1482 δένδρεα
702 1394 888 1483 παπτήνασα
910 1398 958 1458 καί
979 1396 1082 1459 αὐτῶν
1104 1395 1175 1485 άχρι
1197 1397 1338 1481 πετήλων

539 1509 595 1570 σόν
617 1507 716 1589 δέμας
737 1506 794 1570 οόκ
814 1506 931 1593 ἐνόησα
954 1507 1003 1570 καλ
1025 1507 1061 1569 ού
1085 1505 1283 1590 νεμεσίζομαι
1305 1505 1372 1593 ύλη.

471 1636 522 1687 355
539 1620 581 1705 μη
604 1618 721 1702 διεροῖς
742 1619 924 1690 στονόεντος
947 1617 1002 1680 ἐπ’
1024 1617 1177 1701 Εὐρώταο
1197 1616 1350 1705 ῥεέθροις

377 1743 450 1811 [360]
540 1726 712 1816 νηχομένην
735 1726 889 1812 ἐκάλυψεν
912 1727 1107 1815 ὑποβρυχίην
1130 1750 1168 1792 σε
1189 1727 1322 1815 γαλήνης

540 1838 617 1901 ἀλλὰ
640 1839 688 1901 καὶ
710 1837 743 1901 ἐν
766 1842 930 1922 ποταμοῖσι
949 1839 997 1901 καλ
1012 1837 1045 1900 ἐν
1061 1841 1229 1919 πελάγεσσι
1245 1837 1409 1924 θαλάσσης

285 1965 357 2032 (355)
543 1948 677 2033 Νηῖάδες
700 1949 826 2027 ζώουσι,
850 1950 898 2013 καί
920 1947 956 2010 οό
978 1947 1129 2012 κτείνουσι
1151 1952 1306 2029 γυναῖκας.

577 2057 633 2132 Ὣς
655 2060 675 2146 ή
694 2057 753 2141 μὲν
777 2058 976 2147 στενάχιζεν·
999 2058 1186 2122 ἀνακλίνασα
1208 2058 1245 2121 δὲ
1266 2058 1373 2145 δειρήν

467 2299 520 2350 333
539 2279 634 2357 ύπνος
656 2280 723 2344 ἐπεὶ
746 2280 896 2364 καμάτοιο
920 2281 1136 2365 συνέμπορος·
1159 2278 1178 2368 ἦ
1198 2275 1389 2366 γὰρέτύχθη

383 2407 455 2479 [335]
546 2391 643 2476 ἄμφω
666 2390 815 2480 ἀναγκαίη
838 2392 946 2478 ξυνήϊα
969 2390 1069 2455 πάντα
1090 2390 1220 2478 λαχόντε

540 2500 620 2586 ἔργα
641 2502 857 2585 παλαιοτέροιο
881 2502 1075 2585 κασιγνήτοιο
1098 2501 1236 2564 διώκειν·

285 2630 358 2699 (360)
542 2610 634 2677 ἔνθεν
656 2611 870 2700 ἀκηχεμένοισι
891 2612 1108 2697 βαρυνόμεναι
1128 2612 1317 2696 βλεφάροισι

545 2722 687 2797 πολλάκις
710 2722 894 2801 ὑπνώουσιν,
917 2723 972 2786 ὅτε
994 2721 1130 2785 κλαίουσι
1151 2722 1300 2803 γυναῖκες.

286 2852 359 2919 (303)
373 2811 451 2919 Ι[316]
473 2850 524 2901 366
543 2832 601 2904 νὺξ
622 2830 658 2893 δὲ
681 2831 784 2895 πόνων
807 2831 958 2917 ἄμπαυμα
977 2829 1050 2915 μετ’
1071 2830 1185 2919 ήελίοιο
1207 2827 1377 2905 κελεύθους

285 2962 360 3027 (310)
376 2959 450 3026 [317]
542 2941 637 3004 ύπνον
660 2941 872 3026 ἐλαφρίζουσα
894 2942 1077 3028 παρήγορον
1097 2940 1226 3005 ὤπασεν
1247 2941 1296 3029 ήώ

546 3051 741 3140 ἀρχομένην·
765 3053 855 3126 δοιὰς
877 3052 914 3116 δὲ
936 3053 1033 3127 πύλας
1055 3046 1147 3138 η’ίὶξεν
1169 3049 1310 3135 ὀνειρων,

540 3164 597 3249 τήν
610 3164 669 3247 μὲν
684 3162 853 3250 ἀληθείης·
872 3165 996 3247 κεράων
1012 3162 1044 3224 δ’
1062 3161 1259 3245 ἀπελάμπετο
1275 3160 1412 3243 κόσμος·
1498 3160 1503 3161 ’

373 3289 448 3359 [333]
544 3269 635 3336 ἔνθεν
661 3272 905 3357 ἀναθρώσκουσι
925 3272 1014 3337 θεῶν
1037 3270 1207 3359 νημερτέες
1229 3269 1338 3354 ὀμφαί,

285 3401 359 3468 (314)
381 3399 454 3469 [321]
476 3399 529 3453 370
546 3385 600 3469 τήν
623 3383 659 3445 δὲ
681 3382 921 3469 δολοφροσύνης
943 3424 1380 3447 .........

541 3538 873 3559 .......
937 3497 1052 3556 κενεών
1067 3488 1256 3575 θρέπτειραν
1271 3488 1411 3573 ὀνείρων.

286 3620 360 3685 (363)
381 3618 455 3687 [369]
546 3604 566 3691 η
587 3604 645 3686 μὲν
668 3602 865 3690 ἀλητεύουσα
887 3601 1159 3688 δολοφροσύνησιν
1182 3600 1313 3684 ὀνείρων

381 3730 453 3797 [370]
543 3713 668 3801 μητέρα
691 3713 867 3777 παπταίνειν
889 3711 1026 3776 ὠίσατο·
1051 3713 1117 3775 τοία
1139 3710 1175 3774 δὲ
1197 3710 1295 3797 κούρη

545 3821 613 3909 ἴαχε
635 3821 833 3908 θαμβήσασα
854 3824 904 3886 καὶ
926 3821 1080 3908 ἀχνυμένη
1104 3844 1164 3907 περ
1187 3820 1305 3884 ἐοῦσα·

288 3951 361 4016 (366)
588 3931 702 4007 Χθιζόν
718 3931 914 4020 ὀδυρομένην
932 3954 975 4013 με
991 3931 1098 4016 δόμων
1115 3927 1247 3995 ἔκτοσθε
1268 3931 1413 4013 φυγοῦσα

474 4059 526 4114 375
545 4043 687 4119 κάλλιπες
709 4042 895 4106 ὑπνώουσαν
918 4041 996 4127 ὑπὲρ
1018 4041 1134 4129 λεχέων
1155 4042 1333 4124 γενετῆρος.
