3108 4662
742 317 953 380 ..64-

291 502 446 574 vulgatam
467 503 509 560 sic
523 503 731 576 interpretatus
746 508 798 570 est,
819 517 877 560 non
889 503 974 575 male,
994 502 1091 560 iudice
1107 466 1255 592 Lennepio
1272 506 1303 559 et
1316 518 1414 560 assen·
1451 525 1465 551 ·

286 596 378 653 tiente
399 596 486 654 etiam
500 595 644 668 Harlesio,
665 594 831 654 Brodaeus:
856 600 935 653 »tum
948 596 1140 668 posteriorem
1154 600 1215 653 tum
1236 595 1410 654 anteriorem

285 688 369 761 pedis
394 687 516 761 figuram
541 690 647 761 vidit«;
679 690 766 747 etiam
793 689 885 746 Iulieu
916 690 1079 761 genetivum
1108 685 1230 765 πτᾴονρς
1262 704 1354 760 aeque
1379 704 1415 746 ac

286 780 402 857 ταρσῶν
428 782 464 840 ab
491 778 566 860 ἴχνια
591 799 661 841 voce
681 781 809 855 pendere
834 782 977 840 intellexit
1002 785 1118 840 secutus
1139 798 1157 839 a
1178 781 1315 853 Lehrsi03
1339 781 1410 841 nihil

287 892 356 947 ergo
377 876 545 946 invulgata
569 875 693 933 lectione
719 874 895 932 mutandum.
935 875 1006 933 Tum
1036 893 1062 933 v.
1079 877 1133 933 137
1154 876 1275 948 copulae
1296 873 1411 934 defectu

285 970 349 1026 iure
369 968 493 1027 offensus
511 967 588 1045 χειρὶ
608 966 642 1026 δὲ
662 986 715 1042 pro
733 968 842 1047 χερῶν
863 970 935 1026 coni.
949 968 1079 1043 Lennep,
1094 985 1254 1042 provocans
1276 969 1314 1027 ad
1333 986 1359 1027 v.
1374 976 1412 1028 62

284 1059 364 1138 χειρὶ
377 1058 411 1118 δὲ
425 1059 571 1138 δινήσασα,
592 1081 617 1120 v.
635 1066 689 1122 157
701 1062 781 1141 χειρὶ
794 1060 821 1118 δ’
845 1059 1051 1139 ἐλαφρίζουσα,
1076 1081 1102 1120 v.
1119 1064 1174 1121 uto
1185 1060 1264 1140 χειρὶ
1277 1059 1311 1119 δὲ
1322 1061 1411 1140 μῆλον

286 1149 413 1233 ἔχουσα,
437 1155 488 1214 sed
509 1157 572 1213 iure
592 1156 741 1215 oblocutus
763 1161 807 1214 est
827 1157 931 1227 Iuben,
954 1160 1035 1214 reete
1053 1155 1161 1232 χειρῶν
1181 1151 1288 1211 ἑλοῦσα
1302 1162 1410 1228 ayant

264 1305 267 1311 ,
285 1249 363 1319 pris
383 1263 448 1319 par
466 1248 501 1305 la
521 1249 630 1316 main,
656 1254 685 1306 et
703 1245 784 1326 χειρὶ
806 1245 913 1305 ἑλοῦσα
933 1254 1042 1320 ayant
1061 1249 1136 1321 pris
1158 1264 1245 1306 avec
1265 1265 1303 1306 sa
1322 1249 1412 1306 main

285 1346 400 1398 vertens
425 1347 456 1399 et
480 1342 547 1400 huic
579 1343 642 1401 loco
671 1343 752 1414 prius
784 1348 895 1400 tautum
922 1341 1168 1400 accommodatum
1196 1358 1260 1400 esse
1284 1357 1412 1400 monens.

285 1432 444 1492 Praeterea
470 1432 631 1510 μειδιόωσα
661 1452 713 1508 pro
742 1434 917 1511 μειδιόωντα
945 1436 1058 1508 recepit
1087 1434 1180 1492 lulien
1210 1451 1245 1493 ex
1270 1435 1412 1507 Anonymi

286 1529 464 1599 coniectura,
497 1543 582 1598 quarn
607 1529 677 1586 satis
704 1528 959 1587 commendabilem
985 1544 1049 1586 esse
1073 1528 1192 1602 Lennep
1220 1543 1334 1600 quoque
1359 1544 1411 1600 pu·

285 1621 370 1679 tabat
389 1622 646 1692 »quemadmodum
660 1640 745 1681 versu
761 1631 814 1683 156
829 1624 866 1681 de
880 1625 992 1681 Venere
1016 1625 1078 1679 τοῖα
1098 1620 1132 1679 δὲ
1149 1621 1309 1697 μειδιόωσα
1322 1640 1410 1698 προσ-

285 1710 383 1770 έννεπε
409 1713 596 1793 μηλοβοτῆρα
626 1722 658 1774 ut
682 1718 755 1776 adeo
787 1717 823 1774 de
848 1716 980 1775 Minerva
1005 1716 1111 1775 blando
1135 1717 1196 1773 risu
1227 1720 1257 1772 et
1276 1715 1408 1774 mollibus

285 1798 529 1866 verbisParidem
549 1809 734 1870 adseverem
755 1812 799 1869 sui
820 1812 938 1870 allicere
959 1812 1093 1884 cupiente
1114 1809 1303 1880 intelligatur.
1338 1809 1408 1868 cum
1453 1796 1456 1799 ‘

285 1906 381 1958 tamen
398 1901 510 1977 μειδιᾶν
550 1904 658 1962 Veneri
685 1910 715 1962 et
742 1904 904 1963 delicatulis
925 1903 1103 1963 amatoribus
1130 1903 1334 1975 potiusquam
1353 1902 1408 1960 Mi·

284 2010 391 2053 nervae
417 1997 455 2055 sit
473 1999 636 2071 proprium,
655 1996 724 2055 'fieri
745 2003 859 2071 posset,
884 2007 917 2056 ut
943 1999 980 2056 de
1006 1998 1149 2055 industria
1174 1996 1326 2069 scripserit
1347 2015 1410 2072 μει·

285 2085 418 2164 διόωντα,
439 2092 545 2163 quippe
566 2091 697 2164 apprime
717 2090 817 2149 Paridi
835 2098 896 2150 tarn
922 2092 1056 2163 egregias
1083 2089 1203 2147 dearum
1225 2089 1331 2148 formas
1351 2106 1408 2149 non

284 2187 396 2240 tantum
417 2185 637 2257 contemplanti,
664 2185 716 2242 sed
743 2191 773 2242 et
797 2185 934 2243 iudicium
959 2185 996 2243 de
1021 2185 1057 2242 iis
1078 2184 1183 2241 ferenti
1208 2184 1406 2242 conveniens«.

283 2274 317 2331 In
337 2274 432 2333 omnia
452 2277 509 2334 alia
523 2277 595 2334 abiit
609 2275 739 2335 Graefius
759 2295 787 2348 p.
803 2284 874 2335 246:
902 2277 1046 2334 »Primum
1065 2277 1169 2348 copula
1190 2276 1281 2349 deest,
1302 2275 1407 2335 deinde

283 2368 418 2440 particip.
438 2368 611 2444 μειδιόωντα
630 2370 754 2430 hicnon
774 2371 857 2428 nimis
880 2375 978 2443 aptum
1000 2377 1057 2441 θεῖς
1085 2369 1212 2441 aceedit,
1239 2370 1268 2426 iu
1289 2368 1351 2427 cod.
1365 2367 1408 2426 M.

284 2463 371 2521 aliam
391 2461 409 2521 f.
430 2464 581 2522 lectionem
601 2465 703 2522 latere.
745 2464 993 2537 simplicissimum
1019 2468 1112 2522 esset:
1139 2461 1188 2519 καὶ
1210 2463 1320 2542 χειρῶν
1341 2461 1409 2537 μέλ-

285 2554 371 2612 λοντα
390 2555 446 2612 δικ.
468 2557 520 2614 sed
541 2573 557 2614 e
578 2556 697 2614 divulsis
710 2557 805 2614 literis
819 2556 882 2615 cod.
896 2555 937 2615 M.
954 2555 1052 2613 elicias
1071 2554 1180 2631 χειρῶν
1201 2552 1233 2611 δ’
1253 2551 1408 2612 εἰλινόοντσ

284 2665 310 2705 v.
331 2644 491 2705 ἐλλινόοντα
521 2650 546 2707 si
575 2652 691 2724 obloqui
721 2654 791 2711 licet
814 2652 892 2710 Viris
920 2652 1011 2711 doctis
1038 2649 1086 2721 qui
1107 2668 1116 2703 ι
1135 2648 1165 2704 in
1189 2647 1218 2706 h.
1239 2664 1265 2706 v.
1285 2646 1407 2720 produci

284 2743 505 2814 contenderuut;
531 2761 597 2802 nam
615 2747 693 2822 χειρὶ
712 2741 741 2800 δ’
765 2741 918 2816 ἐλινύοντα,
944 2744 989 2802 vel
1007 2739 1085 2823 χειρὶ
1105 2736 1139 2796 δὲ
1160 2736 1253 2796 δειλὸν
1273 2732 1360 2794 ἐόντα
1380 2756 1406 2797 v.

283 2831 461 2909 δειμαίνοντα
485 2842 567 2893 utu.
585 2843 638 2894 128
665 2842 695 2894 et
721 2844 775 2896 126
801 2838 859 2893 iarn
889 2836 1002 2908 lougius
1033 2832 1173 2892 recedit«.
1213 2832 1307 2890 Lehrs
1332 2831 1407 2890 Her·

283 2941 415 2983 manuum
436 2934 552 2986 secutus
576 2935 635 2998 est,
661 2930 710 3001 qui
729 2937 870 3002 p.15.16
891 2946 991 2988 versus
1013 2931 1147 2988 187138
1167 2927 1261 2985 tribus
1287 2926 1405 2985 affectos

284 3036 348 3078 esse
368 3020 446 3078 vitiis
469 3021 630 3081 contendit:
654 3024 763 3095 »primo
785 3023 861 3095 quod
880 3039 936 3081 nou
951 3029 1018 3079 sunt
1037 3037 1112 3079 nexa
1131 3020 1342 3093 superioribus;
1362 3035 1406 3077 se·

282 3113 376 3172 cundo
396 3115 473 3185 quod
499 3133 554 3175 nou
581 3123 704 3189 apparet
728 3133 779 3174 cur
798 3117 881 3174 Paris
907 3115 1018 3186 rideat;
1044 3115 1132 3173 tertio
1156 3113 1235 3185 quod
1254 3112 1406 3171 Minervae

282 3222 435 3280 personam
456 3206 579 3266 dedecet
597 3208 645 3265 hic
665 3207 848 3282 supplicandi
872 3207 984 3268 modus.
1024 3206 1134 3266 Ecod.
1155 3207 1231 3265 Mul.
1253 3206 1405 3279 scripturis

278 3299 344 3376 μειλ
364 3318 378 3357 ν
398 3318 467 3357 εντα
488 3307 518 3359 et
537 3301 567 3358 in
586 3300 642 3368 fine
663 3318 762 3360 uersus
782 3300 907 3380 ἐλόσσης
926 3318 1029 3361 vereor
1043 3306 1076 3359 ut
1089 3300 1199 3372 aliquid
1220 3300 1282 3357 erui
1302 3299 1404 3373 possit.

282 3392 352 3451 Fuit
370 3392 448 3450 haud
468 3391 555 3451 dubie
575 3409 628 3467 pro
648 3394 703 3452 hoe
723 3410 807 3453 versu
827 3394 906 3453 aliud
926 3393 995 3467 quid
1015 3394 1153 3467 scriptum
1174 3409 1192 3451 a
1211 3384 1314 3467 pocta:
1340 3393 1405 3465 ipsa

282 3501 382 3543 versus
402 3490 499 3544 autem
520 3492 550 3544 et
570 3488 710 3559 genuinus
731 3492 776 3546 est
797 3495 826 3547 et
846 3489 1023 3560 aptissimus,
1049 3488 1074 3544 si
1093 3488 1124 3544 in
1143 3487 1237 3546 locum
1257 3502 1341 3544 suurn
1359 3501 1405 3543 re·

281 3584 406 3651 ponatur
424 3586 492 3653 post
512 3596 537 3638 v.
555 3587 609 3639 158
630 3580 680 3638 ubi
693 3579 730 3639 de
745 3581 857 3640 Venere
876 3580 1071 3654 impudentius
1090 3580 1216 3638 instante
1230 3595 1324 3638 sermo
1345 3583 1403 3636 est:

435 3726 498 3780 τοῖα
517 3722 551 3783 δὲ
567 3723 729 3801 μειδιόωσα
748 3722 920 3803 προσέννεπε
936 3722 1130 3802 μηλοβοτῆρα,

425 3818 540 3900 χειρῶν
558 3815 733 3893 μειδιόωντα
752 3817 834 3896 δίκης
852 3815 1044 3895 προπάροιθεν
1065 3813 1200 3874 ἑλοῦσαι.

218 4029 221 4033 ,
283 3961 364 4033 Quae
390 3958 514 4021 feliciter
537 3961 646 4021 refellit
670 3960 827 4021 Schneider
851 3979 879 4034 p.
894 3967 965 4020 421:
993 3962 1085 4021 »Nam
1109 3961 1186 4034 quod
1211 3962 1405 4032 Hermanuus,

271 4055 332 4126 ,qui
351 4071 377 4111 v.
394 4060 447 4113 136
467 4061 535 4127 post
553 4073 579 4113 v.
596 4061 652 4115 158
672 4056 775 4129 reponi
788 4053 912 4128 volebat,
932 4070 989 4114 non
1008 4071 1152 4130 apparere
1166 4054 1237 4113 dicit
1255 4063 1307 4115 cur
1318 4054 1403 4114 Paris
