3108 4662
594 337 870 400 -105-·

149 520 318 582 Graelius
344 540 372 596 p.
395 527 459 580 255.
499 522 593 581 Lebrs
618 524 817 584 Hermannnm
841 530 957 583 secutus
984 532 1042 599 est,
1067 529 1117 599 qni
1141 528 1215 587 haec
1238 522 1275 587 de

149 621 249 677 nostro
274 617 338 676 loco
364 633 393 688 p.
414 623 463 674 20:
497 617 596 687 »Quae
621 624 794 691 sequnntur,
824 619 868 676 ita
892 619 1088 678 continuanda
1112 626 1191 679 sunt:
1222 617 1275 677 οὐκ

145 707 240 790 ἐρέω·
261 709 294 765 τί
309 706 343 766 δὲ
363 706 475 778 τόσσον
487 704 675 788 ἐπισταμένην
695 731 730 769 σε
748 709 866 783 διδάξω,
885 710 914 768 εἰ
931 714 1004 768 τοῖαι
1018 713 1151 789 γεγάασιν
1169 710 1202 771 ἐν
1219 710 1275 789 Ἀρ-

149 804 249 881 γείοισι
268 804 408 880 γυναῖκες.
448 804 522 862 Nam
550 805 627 876 quod
653 805 689 863 de
709 807 844 864 Menelao
869 807 1069 877 interpositum
1095 813 1153 880 est,
1179 824 1273 880 neque

149 898 287 959 cohaeret
307 914 371 956 cum
390 898 504 970 reliqua
523 899 663 973 oratione,
683 916 777 973 neque
792 901 877 959 decet
890 901 1033 959 Paridem.
1065 902 1120 960 Est
1140 903 1189 960 ille
1210 918 1273 961 ver-

150 1009 210 1063 sus,
229 992 254 1050 si
275 992 345 1063 quid
365 992 457 1063 video,
478 993 608 1052 Helenae
628 995 797 1055 tribuendus
818 997 898 1054 cuius
913 998 1006 1056 oratio
1024 1014 1059 1057 eo
1074 998 1272 1056 additamento

145 1090 235 1144 aucta
254 1086 341 1157 plane
360 1085 518 1160 respondet
537 1086 651 1145 Paridis
671 1089 803 1163 orationi,
825 1105 850 1146 v.
872 1095 937 1147 312.

300 1215 388 1297 ἔγρεο
410 1222 465 1296 νῦν,
487 1222 657 1303 Σπάρτηθεν
677 1224 723 1285 ἐπὶ
746 1226 842 1304 Τροίην
859 1246 899 1305 με
919 1227 1064 1305 κόμισσον,

301 1309 416 1392 ἕψομαι,
439 1313 481 1381 ὡς
501 1316 645 1396 Κυθέρεια
667 1320 764 1397 γάμων
782 1321 915 1396 βασίλεια
935 1319 1055 1380 κελεύει.

300 1403 333 1464 οὐ
354 1407 468 1484 τρομέω
490 1409 642 1482 Μενέλαον,
664 1411 707 1470 ὅτ’
732 1411 766 1470 ἂν
791 1412 872 1491 Τροίη
889 1435 928 1489 με
944 1413 1042 1495 νοήσῃ.

301 1496 388 1559 οἶσθα
409 1502 463 1581 γὰρ
485 1501 528 1570 ὡς
547 1502 694 1571 Μενέλαος
714 1506 867 1572 ἀνάλκιδός
885 1506 952 1566 ἐστι
973 1507 1136 1588 γενέθλης,ιι

143 1651 252 1710 (lontra
272 1651 433 1712 Schneider
453 1671 480 1725 p.
496 1660 561 1712 423.
583 1660 640 1711 424
659 1655 809 1726 impugnat
823 1655 903 1713 banc
923 1646 1186 1728 transpositionem,
1207 1672 1270 1714 cnm

142 1746 220 1803 enim
237 1738 351 1803 Helena
370 1746 411 1832 ibi
431 1746 510 1805 dicat
522 1743 562 1829 vot'i
582 1742 699 1822 τρομέω
714 1744 867 1819 Μενέλαον,
888 1744 932 1804 ὅτ’
957 1745 992 1805 ἂν
1016 1745 1098 1825 Τροίη
1115 1768 1153 1824 με
1175 1746 1270 1826 νοηση,

144 1843 295 1911 »apertum
317 1844 362 1896 est
382 1855 437 1896 non
458 1845 518 1896 tam
538 1835 647 1895 οἶσθα
666 1837 721 1914 γὰρ
741 1856 827 1910 quam
848 1836 926 1896 οἶδα
947 1839 1001 1917 poio
1018 1847 1070 1899 aut
1084 1848 1163 1900 certe
1183 1837 1271 1899 οἶσθα

144 1928 199 2006 γὰρ
221 1929 269 1986 καὶ
293 1928 331 1988 σύ
358 1930 541 1990 scribendum
567 1931 594 1987 ei
614 1928 712 1988 inisse.
753 1947 789 1988 ac
813 1929 943 2002 profecto
968 1948 1024 1989 non
1049 1933 1193 2004 perspicio
1219 1949 1271 1991 cur

142 2039 199 2081 non
225 2029 324 2096 aptum
351 2025 378 2082 ei
398 2040 454 2096 quo
480 2025 591 2097 positus
613 2031 657 2082 est
676 2025 740 2082 loco
765 2041 879 2083 versum
903 2025 1006 2083 dicant.
1037 2026 1094 2083 imo
1115 2024 1183 2096 qnid
1204 2041 1270 2083 con·

144 2117 208 2175 silio
228 2117 352 2190 Paridis,
373 2118 515 2176 Helenam
536 2124 569 2175 ut
588 2124 759 2190 sequeretur
780 2135 811 2175 se
832 2118 1005 2191 pellicientis
1026 2134 1146 2189 eamque
1169 2116 1269 2176 confir·

144 2212 257 2279 mantis,
278 2213 371 2283 magis
392 2213 488 2293 potnit
508 2213 662 2270 convenire
682 2229 768 2283 quam
789 2213 944 2271 admonere
960 2209 1094 2269 feminam
1107 2212 1205 2270 mariti
1218 2212 1270 2268 im

145 2302 228 2360 bellis
249 2312 281 2361 ut
301 2305 350 2375 qui
370 2310 490 2377 propter
510 2305 585 2363 banc
605 2322 685 2363 suam
707 2306 831 2365 indolem
849 2323 905 2365 non
920 2322 1043 2364 ausurus
1058 2310 1136 2363 esset
1150 2321 1268 2364 uxorem

146 2397 232 2454 armis
260 2404 395 2470 repetere
421 2405 450 2456 et
475 2397 595 2458 ulcisci?
627 2399 673 2456 cui
705 2399 890 2457 admonitioni
924 2400 1074 2471 aptissime
1100 2399 1268 2471 adiungitur
1326 2392 1328 2396 ⁴

143 2489 231 2558 baec,
257 2506 332 2562 qnae
353 2497 383 2549 et
403 2492 467 2563 ipsa
491 2493 619 2565 pertinet
644 2492 682 2548 ad
708 2489 930 2550 confirmandam
951 2492 1105 2550 Helenam:
1131 2488 1164 2548 οὐ
1186 2494 1267 2565 τοῖσι,

144 2584 173 2639 i.·
185 2600 209 2640 e.
230 2601 286 2642 non
306 2584 467 2657 ἀνάλκιδες,
493 2585 523 2642 in
543 2585 742 2657 Peloponneso
762 2590 829 2642 sunt
848 2582 979 2667 feminae.
1021 2601 1087 2641 nam
1107 2586 1162 2643 hoc
1181 2601 1267 2656 quum

61 2666 66 2675 ’
144 2677 217 2734 dicit
228 2677 324 2750 Paris,
344 2678 486 2736 Helenam
506 2678 578 2736 dicit
598 2677 782 2736 audaciorem
804 2693 867 2735 esse
888 2693 974 2747 quam
994 2691 1070 2748 quae
1084 2677 1120 2734 ob
1134 2676 1267 2734 relictum

143 2770 309 2829 Menelaum
338 2771 493 2842 quidquam
518 2765 620 2828 timere
646 2771 746 2842 possit.
786 2770 852 2827 binc
876 2775 959 2843 patet
979 2769 1062 2827 simul
1082 2785 1139 2826 non
1158 2773 1270 2826 mutan·

148 2865 214 2921 dum
236 2879 300 2921 esse
320 2860 353 2920 οὐ
375 2867 461 2936 τοῖσι,
486 2864 531 2922 oui
552 2864 580 2920 in
600 2863 759 2919 Mutinensi
780 2861 964 2919 substitutum
986 2859 1014 2916 εἰ
1031 2863 1119 2932 τοῖσι,
1140 2859 1171 2917 id
1191 2857 1268 2932 quod

146 2958 327 3015 Hermannns
349 2957 558 3017 commendavit
578 2957 746 3029 recepitque
766 2955 914 3014 Lehrsius.
955 2954 1026 3012 illud
1047 2959 1143 3012 autem
1163 2953 1269 3027 permi-

142 3068 206 3109 rum
228 3058 281 3125 est,
302 3052 351 3123 qui
365 3052 491 3111 tolerare
505 3052 653 3123 potuerint
668 3051 794 3110 editores
815 3051 892 3110 istud
913 3049 1026 3126 ἀνδρῶν
1047 3045 1270 3129 εἶδοσέχοιισι

144 3162 169 3201 v.
192 3152 262 3216 302,
288 3161 354 3202 nam
379 3161 454 3216 quae
480 3143 681 3203 infirmioribus
709 3160 794 3215 quam
815 3145 870 3201 viri
890 3150 1024 3202 crescunt
1044 3145 1180 3202 membris
1201 3159 1268 3214 qno

144 3237 228 3295 modo
243 3239 367 3296 virorum
388 3239 545 3310 speciem
566 3239 678 3310 possint
691 3238 808 3309 babere,
829 3254 916 3308 quum
929 3238 1054 3295 virorum
1070 3237 1198 3295 membra
1213 3236 1269 3293 sint

143 3330 236 3404 firma,
257 3331 369 3390 infirma
389 3333 548 3404 mulierum,
569 3336 602 3389 ut
622 3348 657 3390 ex
678 3330 843 3389 infirmitate
862 3331 959 3388 statim
979 3334 1121 3401 appareat
1140 3327 1268 3385 mulieris

142 3426 267 3483 natural
288 3443 361 3484 unus
380 3426 455 3484 banc
476 3427 566 3483 sensit
583 3440 680 3482 rerum
700 3425 921 3497 repugnantiam
936 3422 1131 3494 Dausqueius,
1152 3421 1201 3492 qui
1221 3418 1269 3476 xci

145 3505 199 3592 γὰρ
225 3515 493 3595 ἀρειοτέροισιν
513 3516 540 3573 ἀ.
559 3537 589 3592 μ.
616 3517 705 3575 scribi
730 3518 822 3575 voluit
848 3515 1038 3589 [improbatus
1062 3514 1269 3586 aLennepiol.

144 3627 299 3670 verumne
325 3613 379 3671 boc
403 3612 518 3684 quidem
540 3610 653 3669 suffieit.
683 3626 750 3667 narn
770 3627 856 3681 quum
877 3610 1001 3683 probare
1015 3609 1098 3666 Paris
1119 3609 1190 3666 velit
1209 3624 1269 3665 mu-

146 3706 233 3764 lieres
254 3705 377 3778 Argivas
398 3723 454 3764 non
475 3722 538 3763 esse
559 3704 728 3776 ἀνάλκιδας,
754 3705 783 3760 in
804 3705 859 3761 hac
885 3704 1055 3776 probatione
1081 3718 1137 3759 non
1158 3701 1269 3774 species

145 3805 265 3857 externa
288 3800 427 3871 virorum,
453 3800 504 3857 sed
531 3799 641 3858 indoles
663 3798 751 3855 animi
770 3798 865 3855 locum
884 3796 981 3855 habet.
1023 3796 1122 3867 itaque
1143 3794 1269 3853 scriben-

144 3891 225 3949 dum:
252 3888 367 3968 ἀνδρῶν
392 3887 482 3969 ἦθος
507 3885 623 3968 ἔχουσι,
651 3891 727 3949 unde
754 3889 852 3948 evadit
871 3905 945 3961 quae
965 3890 1049 3946 unice
1068 3889 1115 3946 bic
1135 3894 1205 3961 apta
1225 3893 1270 3946 est

146 3986 291 4043 sententia
312 3986 394 4043 talis:
416 4002 471 4043 non
492 3984 623 4042 imbelles
643 3990 709 4042 sunt
725 3985 754 4040 in
768 3983 966 4056 Peloponneso
980 3979 1113 4052 feminae,
1133 3997 1199 4038 nam
1214 3982 1269 4039 etsi

128 4078 348 4138 infirmioribus
368 4085 502 4137 crescunt
520 4078 664 4150 membris,
685 4080 811 4136 virorum
830 4080 927 4133 tamen
943 4073 1068 4132 indolem
1087 4074 1269 4146 animumque
