3108 4662
608 315 821 378 ,95-

149 516 189 558 ex
208 499 355 558 Pausania
374 499 417 557 III
437 514 500 571 cap.
517 506 553 558 14
572 498 720 572 probavit:
757 495 810 555 Τοῦ
831 495 945 573 Δρόμου
965 495 999 556 δὲ
1024 492 1113 563 ἐκτὸς
1133 496 1209 554 κατὰ
1228 496 1281 554 τοῦ

147 589 322 669 Ἡοακλέοος
341 591 375 649 τὸ
396 588 510 668 ἄγαλμά
530 589 608 649 ἐστιν
631 591 709 649 οἰκία
723 589 760 648 τὰ
779 588 825 668 ἐφ’
845 589 924 669 ημῶν
941 589 1064 665 ἰδιώτου,
1086 588 1233 650 Μενελάου
1247 589 1281 648 τδ

148 684 288 764 ἀρχαῖον.
328 686 369 745 Et
392 684 462 765 ἄγχι
482 684 627 762 δρόμοισιν
652 686 793 760 praetulit
817 686 922 744 Harles
943 686 972 743 in
992 687 1077 747 notis.
1117 685 1175 744 Sed
1200 690 1281 744 recte

154 778 286 838 Graefins
306 797 335 853 p.
357 787 426 839 254:
464 780 589 838 »Verum
609 779 725 838 videtur
745 774 950 856 ἀγχιδόμοισιν,
971 783 1002 837 et
1021 779 1118 852 potuit
1134 775 1281 854 μέλαθρον

146 867 312 950 όιγχίδομον
332 872 370 931 de
391 872 492 931 ricinis
513 871 634 931 aedibus
650 870 752 930 eodem
766 872 829 929 iure
844 870 910 942 dici,
931 887 987 942 quo
1001 871 1088 944 paulo
1103 876 1171 929 ante
1185 887 1210 927 v.
1225 877 1281 928 235

154 963 318 1042 αἰπύδμητα
338 963 459 1040 δώματα
479 965 516 1024 de
537 967 613 1038 aliie,
634 963 685 1023 cfr.
705 981 731 1023 v.
752 971 818 1024 391.
858 963 919 1023 Sed-
937 964 1000 1023 cod.
1019 963 1094 1021 Mut.
1114 962 1180 1022 fort.
1202 958 1282 1041 ἀγχι-

151 1057 314 1134 οιόροισιν
335 1075 370 1118 eo
384 1075 471 1118 sensu
484 1059 584 1131 voluit,
605 1075 662 1131 quo
685 1054 898 1136 ἀγχικέλευθος
917 1058 1051 1117 dicitur«
1082 1058 1123 1115 Et
1142 1058 1283 1130 praetulit

151 1153 290 1225 vulgatae
310 1152 419 1213 Graefii
444 1151 641 1231 όγχισόροισιν
668 1154 816 1213 Hermann
842 1170 870 1225 p.
893 1160 943 1226 19,
967 1153 1080 1226 recepit
1098 1151 1206 1223 Lehrs,
1234 1156 1282 1209 »et

150 1245 247 1305 habet
266 1261 336 1304 sane
356 1245 534 1317 aliquantum
554 1245 811 1305 commendationis
832 1261 850 1303 a
869 1245 963 1304 Nouni
983 1245 1157 1304 auctoritate
1178 1244 1227 1316 qui
1247 1259 1283 1302 ea

152 1355 223 1398 voce
242 1355 312 1397 usus
333 1344 378 1405 est
396 1339 516 1412 Dionys.
538 1340 566 1407 l,
588 1346 653 1398 215.
679 1347 724 1411 10,
745 1346 791 1398 82.
813 1346 859 1411 23,
881 1345 946 1397 255.
968 1345 1013 1410 32,
1036 1345 1099 1397 193.
1140 1336 1280 1411 Paraphr.

146 1440 181 1506 4,
202 1433 267 1491 mr.
289 1440 320 1505 6,
342 1440 387 1492 26.
409 1440 440 1501 9,
463 1439 499 1493 36
521 1438 575 1491 eto.
618 1431 694 1508 Add.
716 1432 836 1504 Dionys.
857 1431 1004 1504 Perleget.
1026 1438 1090 1490 381.
1112 1429 1164 1488 sed
1184 1430 1282 1488 nescio

151 1530 262 1598 tamen,
282 1526 429 1584 arverius
444 1522 694 1603 εἰοᾶγχιμόροισιν
715 1527 778 1596 [sic,
798 1524 889 1583 voluit
909 1519 1118 1602 ἀγχιμόροισιν]
1138 1524 1158 1581 i.
1174 1540 1198 1581 e.
1220 1522 1281 1594 qui·

152 1617 207 1676 hus
227 1619 286 1676 iam
305 1613 374 1694 ἄγχι
394 1612 522 1693 παρέστη
539 1614 661 1692 μόροςι,
686 1616 763 1687 quod
787 1618 963 1689 tragicorum
987 1618 1084 1689 potius
1109 1631 1196 1687 quam
1221 1615 1282 1688 epi-

146 1727 253 1771 corum
274 1710 465 1769 elocutionem
484 1708 617 1769 redolere
637 1710 707 1768 mihi
732 1709 862 1781 videtur3
883 1714 1039 1782 praeterea
1058 1704 1282 1787 ἀγχειμονροισιν

151 1804 225 1863 nihil
244 1804 300 1862 nisi
320 1804 424 1862 calami
444 1819 526 1863 error
546 1809 604 1875 est,
633 1820 718 1876 quem
745 1805 843 1862 statim
863 1804 927 1876 ipse
947 1802 1082 1861 librarius
1103 1804 1133 1860 in
1152 1804 1284 1875 margine

151 1899 289 1959 correxit.
302 1930 341 1940 -
353 1894 398 1954 ἐπ’
417 1893 553 1973 ἀτρειδαο
567 1898 609 1971 M,
629 1894 802 1973 ἐπατρείδαυ
816 1898 852 1969 N,
873 1895 917 1954 ἐπ’
932 1893 1050 1955 cranao
1067 1897 1109 1969 R;
1126 1894 1283 1972 μελάθρων

151 1992 226 2051 coni.
247 1992 386 2063 Anonym.
414 2023 447 2032 -
477 1989 543 2049 250
563 1988 755 2065 εόαλλόμενος
779 2007 816 2048 m.
836 2008 880 2064 pr.
907 1992 938 2049 in
959 1991 998 2062 Q;
1024 1990 1194 2069 χαρίτεσσιν
1215 1989 1282 2047 add.

148 2084 195 2144 Μ.
216 2092 233 2142 3
252 2085 283 2142 in
302 2083 349 2156 M;
370 2116 406 2125 -
428 2081 488 2142 251
509 2078 622 2142 ἔτικτον
644 2082 668 2143 (i
687 2089 756 2143 ante
776 2101 860 2157 corr,
884 2080 1029 2162 ἐπηρωοῖα
1050 2083 1089 2155 (23
1115 2079 1213 2158 θοώνη
1233 2097 1283 2139 no·

154 2177 214 2236 tavi
240 2192 276 2236 ex
294 2176 619 2249 MAOLNPQRSV,
648 2175 695 2233 υἷα
722 2175 820 2253 θοώνη
845 2176 912 2235 add.
933 2176 975 2233 M.
996 2184 1013 2234 3
1038 2176 1068 2233 in
1091 2173 1138 2249 Μ;
1160 2206 1194 2215 -
1218 2171 1282 2233 252

154 2263 260 2346 ἱλήκοις
278 2268 325 2340 Μ,
347 2268 446 2334 ὶλίκοις
467 2268 503 2342 O,
528 2267 637 2348 ἡλίκοις
657 2270 796 2344 ALNR,
822 2269 913 2348 ἡλίκοι
936 2270 969 2343 Q,
996 2266 1105 2348 ἱλήκοις
1124 2269 1148 2331 Ρ
1169 2275 1199 2327 et
1219 2283 1284 2327 uum

147 2362 338 2435 corruptelae
363 2363 444 2435 signo
472 2363 505 2434 S3
531 2361 656 2421 διόνοισε
681 2365 726 2435 Μ;
752 2364 801 2420 καὶ
827 2363 898 2429 ῖδιος
922 2360 988 2421 ἐσσὶ
1011 2364 1058 2436 Μ,
1085 2359 1147 2428 διὸς
1171 2358 1239 2418 ἐσσὶ
1257 2363 1283 2415 ό.

158 2455 310 2514 »Dubitari
330 2471 388 2515 non
412 2473 499 2529 posse
526 2457 656 2530 videtur,
686 2459 754 2529 quin
774 2459 816 2517 ita
837 2457 926 2516 verba
951 2457 1142 2516 cohaereant:
1170 2455 1285 2514 etiamsi

158 2554 190 2606 tu
212 2564 243 2606 es
263 2546 339 2607 filius
360 2548 453 2620 Iovis,
476 2555 573 2610 tamen
592 2552 642 2609 ille
667 2566 781 2624 quoque
801 2551 921 2623 pulcher
942 2556 1014 2608 erat.
1055 2549 1140 2608 Unde
1161 2545 1284 2605 efficitur

155 2647 189 2701 ut
207 2649 274 2716 post
295 2641 433 2721 γενέθλης
452 2645 647 2718 interpunctio
676 2645 794 2702 minima
812 2643 947 2716 ponenda
967 2643 1019 2712 sit,
1044 2658 1101 2700 non
1121 2643 1231 2714 media,
1252 2647 1285 2700 ut

156 2734 264 2795 iactum
278 2753 296 2795 a
309 2737 444 2795 Bekkero
467 2737 511 2813 [et
524 2738 588 2795 rell.
602 2744 670 2810 poet
684 2754 750 2796 eum
765 2736 845 2809 edd]
866 2743 918 2795 aut
937 2736 1025 2795 etiam
1044 2736 1176 2804 maxima,
1198 2751 1285 2807 quam

156 2830 254 2904 posuit
272 2830 439 2904 Lennepius
466 2834 597 2903 [secutus
617 2848 636 2891 a
656 2829 854 2905 Sohaelero].‹
890 2831 1088 2890 Schneider
1110 2848 1139 2904 p.
1159 2836 1225 2889 441.
1246 2860 1284 2872 —

158 2920 220 2981 253
241 2921 383 3002 κοιλοσέην
398 2925 445 2996 Μ;
467 2927 602 2990 κακεῖνος
615 2925 657 2998 Μ,
679 2923 815 2990 κάκεῖνος
828 2926 862 2998 Ρ,
883 2923 1019 3002 κᾴκεῖνος
1038 2924 1057 2984 S
1079 2928 1109 2983 et
1129 2924 1195 2984 edd.
1217 2929 1285 2983 ante

149 3014 292 3089 Bekker,
313 3016 458 3083 κοῖκεῖνος
479 3018 512 3090 Q,
533 3015 583 3075 καὶ
602 3015 713 3085 ’κεῖνος
732 3018 803 3092 AL,
828 3017 877 3076 nod
897 3020 993 3084 κεῖνος
1011 3019 1085 3092 NR,
1106 3018 1233 3091 Bekker,
1254 3022 1285 3076 et

156 3108 218 3166 rell.
233 3114 300 3182 post
314 3125 381 3169 eum
396 3110 477 3183 edd.;
497 3109 546 3168 nal
561 3109 685 3181 ἐκεῖνος,
700 3113 776 3184 quod
790 3112 1014 3186 praeferendum
1028 3126 1092 3169 esse
1107 3111 1179 3170 dixit
1194 3111 1284 3170 Grae-

157 3198 210 3258 fius
229 3218 258 3274 p.
276 3207 341 3272 254,
361 3202 451 3262 habet
471 3204 502 3263 G.
527 3236 558 3246 -
580 3204 748 3283 επαγλαϊησι
768 3204 810 3278 Μ,
831 3200 871 3262 ἐπ’
896 3203 1014 3282 ἀγλαΐης
1032 3204 1104 3276 AQ,
1125 3200 1223 3279 ἐπαγλ.
1243 3203 1282 3276 L;

145 3292 312 3369 προσώπου
338 3295 421 3385 codd.
443 3296 514 3356 dett.
536 3303 566 3356 et
587 3297 652 3357 edd.
680 3313 792 3371 omneS,
817 3294 969 3375 αοοσώπον
988 3297 1034 3369 Μ,
1061 3313 1151 3368 qnare
1171 3295 1284 3372 προσώ-

146 3404 217 3442 ·πιυν
231 3387 343 3460 scripsi,
358 3403 421 3446 cum
436 3403 551 3463 semper
563 3390 672 3463 plurali
688 3390 772 3449 huius
787 3391 865 3449 vocis
880 3388 972 3450 forma
985 3405 1054 3448 usus
1069 3389 1108 3446 sit
1123 3389 1283 3450 Colluthus.

157 3541 195 3553 -
216 3508 281 3570 254
301 3508 319 3590 i)
338 3511 372 3572 δὲ
393 3529 457 3589 ego,
477 3514 529 3594 ηδε
549 3516 591 3590 Μ,
611 3466 672 3575 ἒῖδὲ
691 3519 719 3576 A
739 3522 826 3590 (corr.
846 3533 883 3577 m.
903 3522 946 3590 1);
966 3514 1133 3593 φιλοξεινιυν
1152 3517 1198 3588 Μ;
1219 3516 1285 3593 κλῆ-

156 3603 213 3670 aaa
226 3606 268 3678 M,
289 3606 407 3686 κληῖδας
428 3609 495 3684 GL,
516 3609 633 3688 κληῖδος
655 3613 727 3684 ΔΝ,
748 3613 772 3670 Ρ
793 3617 826 3670 ut
844 3611 911 3684 vid,
932 3611 997 3671 Set
1016 3611 1082 3670 edd.
1103 3618 1171 3670 aute
1185 3610 1284 3684 Steph.

149 3696 274 3775 ’κληῖδος
297 3700 337 3770 V,
368 3700 468 3777 κητδος
492 3703 533 3777 Q,
558 3702 678 3781 κληῖδος
705 3720 740 3761 ex
766 3704 893 3764 Brodaei
919 3710 1086 3765 comestura
1110 3713 1285 3779 receperunt

147 3799 323 3873 ‘Stephanus
344 3807 374 3860 et
393 3803 456 3860 rell.
477 3810 545 3864 anto
559 3804 725 3863 Belrlrerum
747 3805 813 3863 edd.
829 3790 949 3884 κληῖδας
961 3805 1079 3865 Bekker
1098 3809 1207 3882 primus
1222 3808 1281 3867 edi·

159 3892 211 3951 dit.
226 3925 262 3938 --
278 3889 381 3951 ἄνεισιν
399 3896 439 3968 V,
461 3929 495 3939 -
518 3895 580 3956 255
601 3895 742 3976 εξααηνης
761 3898 803 3973 Μ,
823 3896 860 3967 ἐξ
871 3898 969 3977 ἀκόνης
983 3900 1019 3972 Ο;
1039 3898 1120 3976 ελενη
1135 3901 1182 3974 Μ;
1199 3921 1284 3977 μετε-

146 3985 262 4043 ,κειοθε
276 3986 322 4060 Μ,
338 3985 465 4063 δόμοτος
477 4006 514 4048 m.
529 4007 573 4063 pr.
589 3992 619 4049 in
632 3991 670 4064 P;
690 3991 776 4069 ουλην
790 3992 831 4050 Μ.
850 4025 884 4034 -
903 3990 967 4051 256
984 4012 1033 4048 και
1048 3993 1090 4067 Μ,
1105 3992 1229 4071 θαλερόν
1241 3996 1284 4068 Μ,
