3122 4656
727 329 915 391 ..4-

248 513 397 580 Valeraei
431 511 637 599 (Antverpiae
666 512 761 595 1539)
794 531 892 596 prosa
927 511 1071 576 oratione
1100 510 1201 589 facta,
1236 510 1294 576 sed
1321 510 1381 576 illa

247 624 350 690 multo
371 623 512 690 meliore.
546 621 618 687 Non
639 621 744 687 nullos
760 621 897 688 Aldinae
920 642 1046 687 errores
1061 621 1235 686 maximam
1250 626 1376 705 partem

247 734 495 819 typographicos
507 733 645 799 correxit
659 731 757 798 etiam
768 732 966 797 Perdrierius
980 731 1082 797 homo
1096 731 1268 815 singularis
1280 731 1378 797 Grae·

249 864 306 909 cae
326 843 453 927 linguae
468 842 666 927 ignorantiae
681 841 822 927 (Goluthi
836 842 961 925 Raptus
976 841 1118 906 Helenae
1137 863 1201 925 per
1216 841 1376 907 Renatum

160 975 166 989 ·
249 954 461 1022 Perdrierium
488 954 532 1020 ad
560 953 691 1019 verbum
720 951 911 1032 translatus,
942 973 1014 1016 cum
1041 951 1193 1016 brevibus
1216 951 1375 1018 Bernardi

249 1064 425 1130 Bertrandi
439 1062 708 1130 annotationibus.
737 1060 785 1126 Ex
801 1059 854 1128 off.
869 1061 899 1126 J.
917 1061 1048 1144 Oporini
1063 1060 1158 1127 Besil.
1177 1063 1273 1144 1555)
1289 1064 1377 1130 11111

249 1173 484 1242 emendationes
499 1194 556 1257 ego
573 1172 694 1257 primus
706 1172 740 1236 in
753 1171 837 1237 notis
850 1173 1105 1237 commemoravi.
1121 1210 1160 1239 -.-
1173 1172 1281 1238 Etiam
1302 1173 1374 1237 Gol-

247 1283 331 1350 lnthi
351 1305 480 1350 carmen
501 1283 535 1347 iu
557 1283 680 1365 Corpus
701 1282 873 1348 Poetarum
890 1281 1087 1348 Graecorum
1102 1282 1289 1365 Principum
1312 1282 1378 1347 He-

247 1394 326 1460 11111
341 1394 494 1459 Carminis
509 1413 574 1459 ase
590 1413 619 1458 a.
637 1394 720 1459 1556
735 1391 855 1459 editum
872 1393 994 1476 recepit
1010 1393 1165 1458 Henrious
1181 1392 1374 1476 Stephanus,

248 1503 386 1571 Brodaei
406 1504 595 1587 plerumque
621 1523 720 1585 opera
742 1502 793 1566 hic
814 1501 889 1569 inde
912 1503 1117 1568 emendatius
1139 1502 1269 1568 factum.
1315 1504 1375 1568 Ou-

248 1613 298 1679 ins
323 1618 430 1679 textus
458 1614 567 1677 multis
590 1612 781 1697 typographi
808 1612 969 1678 erroribus
997 1614 1118 1678 additis
1145 1613 1301 1696 repetitus
1325 1619 1374 1679 111

248 1725 282 1788 in
302 1723 403 1788 Lectii
425 1723 567 1807 Corpore
589 1725 759 1789 Poetarum
774 1723 970 1789 Graecorum
992 1723 1117 1809 (Colon.
1135 1724 1255 1790 Allobr.
1274 1728 1369 1809 1606)

249 1838 282 1900 et
302 1834 337 1897 11
350 1833 477 1899 Aemilii
495 1833 584 1900 Porti
606 1833 745 1899 editione
768 1833 928 1918 (Genavae
946 1835 1041 1919 1609)
1065 1835 1153 1900 haud
1168 1856 1243 1901 raro
1265 1842 1374 1901 tamen

249 1964 290 2010 ex
311 1943 442 2010 editoris
460 1944 586 2028 iugenio
602 1950 745 2011 correcta
760 1943 809 2010 vel
824 1928 931 2028 potius
954 1952 1117 2029 corrupta,
1144 1967 1227 2029 quae
1249 1950 1282 2010 et
1303 1946 1376 2029 ipsa

248 2054 328 2120 satis
348 2054 551 2139 neglegenter
565 2055 796 2121 Amstelodami
818 2057 906 2140 apud
920 2057 1025 2121 11111.
1043 2056 1269 2139 Waesbergios
1292 2077 1375 2122 anno

251 2167 333 2230 1735
355 2185 469 2230 recusa
490 2169 548 2230 est.
590 2163 706 2248 Neque
728 2164 830 2231 multo
859 2166 931 2249 plus
953 2167 1142 2249 profuerunt
1163 2167 1279 2250 reliqui
1304 2187 1375 2232 sae·

251 2275 312 2341 culi
341 2275 454 2341 decimi
483 2276 611 2359 septimi
641 2276 805 2342 editiones.
855 2276 963 2341 Sixtus
991 2277 1194 2360 Henriopetri
1226 2278 1372 2343 Basileae

157 2424 184 2435 κ
250 2405 279 2450 a.
297 2387 379 2451 1569
401 2407 464 2450 111
486 2386 545 2450 nisi
568 2385 719 2451 Aldinum
740 2386 904 2470 exemplar
925 2386 1038 2451 recudi
1062 2387 1149 2468 fecit,
1171 2389 1317 2452 imitatus
1340 2389 1374 2452 in

249 2495 311 2560 hac
335 2515 371 2561 11
393 2516 476 2560 1111
500 2497 625 2561 15741
645 2496 803 2562 Michaele
825 2496 978 2564 Neandro
1001 2498 1195 2581 (dveniens,
1228 2497 1316 2581 apud
1342 2499 1375 2563 J.

252 2600 444 2689 Crispinum)
467 2607 523 2689 qui
543 2611 673 2689 praeter
696 2608 872 2673 versionem
885 2611 918 2673 et
931 2614 1025 2673 notas
1039 2609 1073 2674 in
1094 2608 1190 2675 rebus
1213 2608 1373 2692 mytholo-

251 2715 329 2798 gicis
354 2715 550 2800 explicandis
577 2717 750 2783 maximam
775 2724 901 2801 partem
926 2719 1049 2802 positas
1075 2720 1154 2784 satis
1184 2719 1275 2784 duxit
1297 2719 1377 2784 Bro-

253 2824 327 2891 daei
347 2827 560 2892 correctiones
581 2828 615 2890 in
641 2828 789 2893 editionis
810 2830 953 2911 margine
978 2850 1139 2912 apponere
1163 2834 1195 2896 et
1217 2850 1375 2895 commen-

253 2934 341 3001 dare.
370 2936 461 3000 Hanc
475 2937 664 3018 praesertim
680 2936 851 3002 editionem
873 2942 1000 3003 secutus
1022 2943 1071 3003 111
1086 2938 1271 3022 Stephanus
1290 2941 1377 3007 Ube-

252 3044 303 3112 lus
325 3045 571 3130 (Franequerae,
593 3067 645 3130 ap.
668 3046 837 3131 Aegidium
859 3049 1025 3114 deaeum
1054 3069 1084 3113 1.
1110 3051 1216 3133 1600.)
1263 3051 1372 3116 Etiam

255 3154 378 3221 Claudii
401 3157 573 3240 Dausqueii
610 3157 856 3225 »Annotationes
884 3159 916 3223 in
943 3159 1132 3226 Ooluthumc
1167 3162 1278 3245 (1614)
1312 3160 1375 3227 Va·

254 3266 366 3331 lentini
393 3267 521 3334 Ernesti
548 3267 718 3335 Loescheri
762 3270 965 3336 »Lectionum
994 3270 1257 3337 Goluthianarum
1292 3271 1374 3338 liber

255 3376 460 3460 singularis«,
489 3377 661 3444 Christiani
688 3379 827 3446 Feusteli
860 3380 1081 3447 ‘Miscellanea
1108 3381 1373 3447 Ooluthianarum

257 3485 457 3554 Lectionum«
496 3489 745 3575 (Vittembergae
776 3493 870 3577 1724)
903 3492 982 3556 nihil
1019 3492 1107 3557 aliud
1139 3513 1236 3576 quam
1271 3492 1378 3558 erudi-

254 3597 351 3664 tionis
372 3599 561 3665 vanissimae
583 3599 774 3685 farraginem
794 3601 838 3666 ad
859 3602 1042 3667 Gossuthum
1067 3603 1196 3668 minime
1219 3604 1376 3686 pertinen·

255 3714 321 3773 tem
344 3708 503 3775 exhibent.
549 3711 640 3776 Anno
663 3711 789 3776 demum
811 3711 1290 3796 1747111111111111161111111
1312 3714 1378 3779 edi-

257 3818 303 3884 tio
324 3836 346 3883 a
367 3818 398 3884 J.
421 3819 536 3886 Daniel
558 3842 579 3887 a
598 3823 727 3907 Lennep
749 3830 863 3890 curata
892 3825 1103 3910 (heuvardiae
1126 3847 1165 3891 ex
1187 3826 1269 3892 offic.
1294 3825 1377 3891 Guil.

258 3927 503 4016 0111111747)
526 3954 609 4015 quae
628 3941 757 4016 praeter
775 3939 908 4016 textum,
930 3936 1107 4001 versionem
1120 3937 1255 4002 latinam
1279 3942 1311 4003 et
1332 3937 1380 4001 in·

258 4038 361 4105 dicem
384 4041 554 4108 verborum
577 4045 717 4110 continet
730 4046 899 4111 nonnullas
920 4051 1014 4111 notas
1030 4047 1230 4112 doctissimas
1244 4047 1380 4112 1111111-
