3122 4656
670 398 862 459 ..7-

194 582 348 667 ¹fugerant
369 582 454 649 enim
477 581 614 648 Bekkeri
635 582 802 649 oculorum
821 581 924 648 aciem
946 618 988 630 -
1015 581 1139 665 primm
1159 579 1331 646 inseruisse

198 691 350 760 traditur.
362 727 405 744 -
414 692 588 772 Schaeferi‚
605 691 722 759 Iuliani
734 696 768 758 et
779 691 903 757 Lehrsii
915 688 1072 759 editiones
1087 690 1122 755 in
1132 690 1217 756 notis
1233 710 1331 774 saepe

204 803 291 870 »rell
314 808 389 887 post
402 802 540 869 Bekker.
557 802 651 870 edd«
675 803 725 869 rel
739 806 918 887 praeeunte
932 800 1070 875 Beklreri
1085 800 1214 868 nomine
1242 799 1330 867 meld.

194 914 294 981 edd«
320 914 458 996 signavi3
487 913 612 979 numeri
632 914 667 978 in
687 916 796 979 textus
817 912 962 995 margine
982 912 1074 978 uncis
1092 909 1251 993 angulatis
1273 909 1333 977 cir·

71 1023 72 1026 ’
201 1012 387 1108 cumscripti
401 1028 475 1090 sunt
488 1023 682 1091 Bekkeriani
696 1029 730 1090 et
743 1023 911 1089 Lehrsiani
926 1025 988 1107 (pr.
1004 1022 1105 1106 edit),
1124 1021 1214 1087 uncis
1228 1020 1332 1087 curvis

200 1134 392 1201 circumdati
413 1139 522 1201 autem
538 1133 714 1203 editionum
729 1138 805 1201 ante
819 1132 1009 1212 Bellorum,
1032 1152 1168 1217 quorum
1182 1150 1332 1197 numeros

198 1245 332 1311 retinuit
353 1244 465 1310 Iulian.

275 1353 354 1420 Post
367 1353 494 1421 Lehrsii
509 1353 683 1421 editionem
697 1375 782 1440 quae
794 1358 956 1438 apparatu
970 1353 1081 1421 critico
1097 1353 1227 1420 omnine
1243 1356 1333 1419 caret

199 1464 287 1530 nulla
310 1465 375 1530 alia
395 1464 440 1530 ad
460 1465 545 1530 hunc
566 1485 669 1549 usque
688 1464 775 1531 diem
796 1464 884 1530 foras
906 1464 985 1530 data
1005 1469 1071 1544 est;
1092 1483 1197 1547 neque
1218 1468 1329 1529 tamm

200 1573 383 1640 Colluthum
405 1574 613 1658 neglexerunt
633 1575 693 1639 viri
716 1574 813 1641 docti
864 1574 1022 1643 Ricardus
1044 1572 1228 1641 Volkmann
1248 1592 1327 1641 sane

203 1704 287 1767 quae
309 1684 440 1751 assidua
462 1685 599 1751 lectione
619 1687 653 1750 in
674 1696 786 1752 nostro
805 1687 946 1755 carmine
959 1685 1082 1752 lacunis
1096 1685 1238 1751 maxime
1250 1684 1333 1754 indi-

200 1792 312 1862 candis
334 1797 476 1863 correxit
496 1795 599 1863 noluit
619 1795 740 1880 publici
758 1797 837 1863 imis
858 1796 973 1876 iacere,
996 1796 1113 1863 certior
1134 1795 1254 1876 factus,
1277 1793 1334 1862 do·

199 1910 288 1973 ctam
313 1926 383 1971 esse
404 1906 551 1972 iuvenem
566 1907 657 1972 cuius
675 1907 752 1973 elim
769 1906 988 1972 familiaritate
1002 1905 1174 1988 gaudebat,
1198 1903 1334 1977 eandem

198 2015 266 2099 fere
292 2017 462 2082 materiam
489 2037 591 2099 prope
619 2016 706 2082 diem
731 2020 947 2082 tractaturum
974 2017 1016 2100 (v.
1040 2015 1333 2108 commentationes

198 2125 330 2210 Epieae,
346 2126 475 2209 Lipsiae
498 2128 582 2193 1854
596 2147 628 2210 p.
645 2126 698 2211 V),
721 2126 779 2192 sed
801 2127 907 2193 minus
919 2146 1017 2210 qnam
1031 2126 1214 2194 Volkmann
1228 2125 1331 2219 veriti,

84 2294 87 2299 ⁴
199 2258 240 2303 ne
263 2237 377 2303 alienis
392 2236 508 2305 studiis
524 2242 735 2321 praepostera
750 2258 828 2303 cura
849 2237 995 2305 officiant
1011 2237 1186 2321 plurimum
1200 2222 1244 2302 ad
1260 2233 1333 2302 Gcl·
1384 2218 1392 2233 s

200 2347 326 2413 lothum
341 2346 578 2412 emendandum
592 2347 796 2414 contulerunt
806 2348 868 2413 viri
882 2348 1082 2431 sagacissimi
1094 2348 1132 2414 0.
1144 2339 1331 2425 Schneider,

199 2458 305 2542 quiin
330 2457 572 2524 »Coniectaneis
594 2458 638 2524 ad
659 2457 860 2525 Colluthum«
886 2457 1014 2543 (Philol.
1030 2459 1071 2524 23
1086 2478 1118 2541 p.
1135 2458 1334 2523 404-447-

195 2566 468 2651 plurimosnostri
489 2566 577 2632 locos
598 2567 786 2650 saepissime
806 2569 932 2651 egregie
946 2568 1088 2635 correxit
1109 2573 1143 2634 et
1156 2566 1219 2635 Ed.
1233 2569 1332 2637 Tour-

199 2678 270 2743 nier
291 2677 346 2764 qui
367 2678 401 2742 in
416 2676 532 2745 libello
546 2677 679 2743 Parisiis
694 2696 725 2743 a.
743 2677 827 2742 1870
842 2676 930 2743 edito
944 2677 1080 2763 (rNotes
1096 2678 1257 2761 Oritiqnes
1279 2696 1335 2742 sur

206 2786 419 2872 Oolluthua«)
447 2785 601 2852 nonnulla
620 2790 730 2852 textus
754 2785 834 2853 vitia
857 2786 923 2851 iam
949 2785 992 2852 ab
1016 2785 1089 2851 aliis
1107 2786 1335 2873 *animadversa

200 2917 284 2965 nova
297 2897 352 2963 via
365 2895 538 2964 emendare
554 2895 686 2972 studuit,
701 2895 767 2962 alia
780 2895 905 2979 primm
920 2895 1080 2963 detexisse
1095 2894 1157 2962 sibi
1171 2896 1257 2964 nsua
1271 2902 1330 2976 est,

199 3007 234 3073 in
251 3006 309 3072 illo
331 3026 430 3090 quam
452 3007 485 3071 in
507 3006 570 3074 hoo
591 3006 723 3086 felicior,
746 3010 784 3072 ut
805 3010 893 3072 reete
914 3005 1068 3072 iudicavit
1088 3007 1129 3075 Ο.
1142 3006 1174 3072 S.
1190 3006 1334 3091 (Schnei-

200 3117 272 3200 der)
301 3117 357 3201 qui
380 3116 475 3183 huius
506 3115 607 3183 libelli
632 3136 802 3183 censuram
823 3116 889 3199 egit
912 3117 948 3183 in
978 3115 1249 3199 »Philologiseher
1270 3116 1334 3185 Aa·

200 3228 322 3310 seiger«
349 3228 497 3308 111870,
520 3249 553 3311 p.
571 3229 750 3295 194-198.
784 3227 958 3293 Praeterea
980 3226 1135 3293 nonnulla
1157 3227 1335 3309 attigerunt

199 3337 351 3405 Ludwioh
367 3343 405 3404 'et
427 3337 548 3403 Tiedke
569 3337 603 3402 in
624 3337 945 3404 commentationibus
958 3355 1040 3421 quae
1053 3335 1098 3403 de
1112 3339 1184 3401 anta
1199 3336 1334 3405 metrica

200 3446 307 3514 Nonni
328 3447 461 3530 eiusque
484 3450 681 3514 sectatorum
708 3446 887 3515 ediderunt.
910 3485 947 3496 -
972 3446 1096 3514 Horum
1125 3445 1267 3513 omnium
1286 3447 1334 3513 la-

200 3557 297 3624 bores
308 3556 461 3623 indicatis
475 3557 573 3623 etiam
584 3557 631 3623 eis
643 3555 750 3622 Nonni
761 3555 841 3622 loeis
855 3556 1037 3624 aCollntho
1048 3557 1182 3624 imitatis
1198 3577 1334 3645 quornm

200 3667 321 3735 notitia
347 3667 391 3734 ad
417 3687 487 3733 rem
507 3667 652 3732 criticam
673 3665 781 3732 iacere
802 3665 987 3745 ridebatur,
1012 3667 1047 3732 in
1071 3666 1134 3734 hae
1160 3668 1334 3734 novissima

200 3777 343 3845 edidere
365 3777 426 3843 sub
447 3796 583 3843 examen
604 3780 735 3844 vocatos
749 3774 925 3842 lectoribus
944 3794 984 3841 ea
998 3775 1039 3841 de
1053 3796 1154 3843 eausa
1166 3777 1331 3860 proposui,

201 3908 243 3954 ne
264 3906 383 3954 musae
404 3905 633 3970 nonnunquam
655 3885 885 3953 subtilissimae
901 3885 1017 3971 quibus
1038 3886 1189 3953 inductus
1209 3886 1333 3953 tradita

202 4001 321 4081 poetae
341 3995 439 4063 rerba
453 3995 535 4094 alios
549 3999 678 4062 secutus
692 3996 831 4075 mamni,
860 3996 994 4072 lateant,
1015 4015 1076 4080 ego
1090 4002 1199 4063 autem
1213 3996 1332 4062 nimiae

203 4106 399 4184 meliotis
419 4106 548 4191 eulpam
569 4107 733 4175 incurrere
754 4106 878 4176 credar.
