3122 4656
596 334 811 397 -31-
900 285 991 390 ,ὑ

136 519 300 581 acolutho
324 526 422 579 tamen
446 517 609 594 proiectum
637 534 695 578 non
723 519 868 578 videtur«.
906 517 1038 580 Graefius
1063 521 1114 592 qui
1138 516 1191 576 δαί
1210 530 1271 579 non

139 614 320 674 essenorum
334 619 487 688 poetarum
508 617 588 671 reete
608 614 728 685 monuit,
749 609 823 670 τίδ’
847 607 892 682 αὖ,
915 629 991 684 »qno
1011 618 1043 672 et
1063 613 1157 672 altera
1175 613 1266 672 lectio

139 702 166 763 δ’
188 702 351 779 deducito,
371 706 494 766 eonieeit
513 723 541 778 p.
557 712 613 764 242
634 711 665 764 et
679 705 816 765 Observa
837 707 913 764 oritt.
934 706 965 763 in
978 704 1135 778 Tryphiod.
1157 723 1186 778 p.
1201 712 1267 765 238.

137 830 176 842 -
190 797 210 857 9
225 795 294 879 ἀργ.
309 816 345 859 ex
358 818 427 877 οργ.
440 799 473 857 Μ
485 806 511 871 2,
527 794 719 876 ἀρχαικάκων
729 798 795 859 Ald.
810 817 837 871 ας
858 815 932 859 oorr.
947 800 1036 857 etiam
1048 797 1151 858 Perdr.
1165 796 1268 859 πόντον

138 958 176 1001 ex
187 962 292 1001 παντον
301 945 334 1003 Μ
349 953 379 1016 2;
401 942 482 1021 γαίαν
494 943 564 1015 LP;
584 940 662 1019 ὀρίνη
675 941 741 1014 ΜΡ,
752 939 842 1017 ὀρίνει
856 943 889 1014 Q,
906 905 994 1017 όρίνύι
1006 942 1075 1002 NR.
1091 941 1152 1000 τίνα
1165 938 1268 998 πόντον

138 1033 214 1109 ὁμοῦ
234 1035 283 1093 καὶ
303 1040 383 1112 γαῖαν
404 1033 496 1111 ὄρινεν
516 1037 633 1108 scripsit
652 1034 794 1108 probante
808 1035 942 1094 Harlesio
957 1035 1049 1094 Lanu.
1064 1051 1129 1093 oum
1148 1036 1269 1107 vulgata

143 1128 239 1188 anullo
260 1130 344 1189 modo
365 1129 544 1190 commodum
567 1130 723 1187 admittant
746 1144 892 1196 sensum«,
913 1144 1052 1200 suamque
1073 1129 1269 1189 coniecturam

141 1221 255 1293 Qlibri
280 1225 424 1296 scriptura
455 1218 541 1299 ὀρίνει
564 1221 673 1280 firmari
699 1222 870 1293 crediderim
898 1220 1052 1283 »fanillimo
1074 1224 1149 1281 enim
1170 1236 1270 1280 errore

141 1316 263 1374 elitera
281 1317 309 1376 N
329 1318 421 1375 altero
445 1317 539 1375 latere
567 1331 664 1387 eraso,
690 1316 760 1374 oriri
786 1322 885 1388 potest
903 1316 932 1389 Ι,
958 1310 1035 1388 qudd
1058 1318 1090 1374 in
1115 1315 1269 1375 (lodicibus

139 1423 228 1466 manu
248 1411 365 1482 seriptis
386 1426 443 1468 non
461 1425 529 1467 raro
550 1408 701 1478 accidisse,
721 1424 815 1478 nemo,
836 1409 884 1480 qui
900 1424 948 1467 eos
963 1409 1054 1467 oeulis
1073 1408 1268 1481 usurpaverit,

141 1499 247 1560 infitias
261 1502 344 1559 ibit«.
373 1502 528 1574 Vulgatam
542 1499 674 1559 defendit
692 1500 823 1558 Bekker:
850 1501 971 1559 »eadem
986 1506 1133 1560 structura
1147 1502 1268 1561 Nonnus

142 1601 187 1666 11,
198 1601 255 1653 288
269 1593 301 1651 τί
306 1592 399 1670 χρέος
411 1590 452 1672 ἦν,
471 1593 516 1652 ἵνα
528 1592 630 1652 πόντον
644 1589 789 1670 ἀμείλιχον
802 1591 979 1672 ἡνιοχεύηςτ.
998 1628 1032 1637 -
1054 1594 1094 1653 10
1115 1596 1198 1654 colon
1212 1610 1268 1654 om.

140 1686 206 1745 MR
231 1692 261 1744 et
286 1685 352 1746 fort.
374 1688 424 1745 alii
444 1688 527 1746 codd.
552 1682 658 1763 ὠγυγίη
676 1687 718 1759 Μ,
744 1687 870 1757 Bekker,
896 1693 927 1746 et
951 1689 1013 1745 rell.
1040 1688 1115 1758 edd,
1137 1683 1270 1763 ὠκυπέτη

140 1780 226 1839 codd.
247 1780 319 1838 dett.
342 1785 372 1838 et
397 1781 462 1838 edd.
488 1786 556 1839 ante
581 1781 775 1853 Lennepium,
802 1782 851 1851 qui
882 1781 1043 1853 Dausqueii
1074 1781 1270 1840 coniecturam

140 1868 292 1951 ὠκυπέτης
316 1874 428 1945 recepit
453 1878 483 1932 et
508 1874 603 1932 addit:
641 1873 719 1933 »Gur
743 1880 839 1932 tamen
871 1880 900 1932 et
925 1874 997 1931 illud
1023 1874 1079 1933 sibi
1104 1878 1270 1946 suspectum

141 1965 259 2038 dixerit,
279 1982 396 2025 canaam
417 1968 473 2025 nisi
492 1968 667 2025 levissimam
687 1967 781 2026 video.
815 1967 847 2026 Si
866 1967 941 2026 forta
961 1968 1071 2039 aliquid
1090 1967 1270 2038 tentandum,

141 2074 199 2118 non
225 2061 350 2118 alienum
376 2058 465 2119 foret:
495 2059 574 2117 »τίνα
597 2058 699 2118 πόντον
724 2057 796 2135 ύμού
822 2059 871 2116 καλ
896 2063 977 2136 γαῖαν
1001 2058 1094 2137 ὄρινεν
1124 2056 1271 2124 Βουκόλος

141 2147 307 2229 ὠκυπέτης·
329 2150 372 2217 τίς
392 2150 420 2209 δ’
441 2147 543 2210 ἔπλετο
562 2151 674 2217 νείκεος
694 2149 779 2230 ἀρχὴ.
809 2152 1001 2212 Velocitatem
1019 2153 1120 2211 Paridi
1140 2153 1271 2226 apprime

143 2247 305 2317 convenire,
325 2245 386 2304 tum
406 2247 484 2317 quod
505 2262 603 2306 amore
622 2248 652 2304 in
673 2261 730 2319 qno
749 2247 830 2304 nulla
849 2263 975 2319 unquam
992 2236 1077 2306 'mora
1097 2247 1193 2318 datur,
1219 2244 1272 2303 fla·

142 2345 252 2412 granet,
272 2346 332 2397 tum
353 2337 430 2410 quod
450 2341 553 2400 velox
576 2340 730 2400 admodum
749 2339 846 2408 fuerit,
866 2341 984 2412 liquet«
1022 2339 1176 2400 Caeterum
1197 2334 1270 2414 ὠγυ-

144 2430 203 2508 γίην
224 2427 316 2510 ἀρχήν
335 2449 389 2505 pro
402 2430 516 2511 πρώτην
536 2429 628 2511 όργην
642 2435 726 2492 nimis
740 2435 850 2493 tumide
865 2434 973 2493 dietum
988 2449 1052 2492 esse
1071 2439 1162 2502 ratus,
1182 2432 1272 2490 Tour-

146 2526 211 2584 nier
229 2533 290 2599 p.9
311 2521 416 2602 ὠλυγίη
441 2544 494 2600 pro
520 2523 626 2604 ὠγυγίη
652 2528 790 2601 coniecit,
815 2528 920 2586 collato
945 2527 1091 2598 Hesychio
1116 2522 1271 2601 (ὠλυγίων

145 2617 316 2675 σκοτεινῶν·
338 2617 451 2676 κακῶν·
469 2621 606 2695 μακρῶν·
628 2617 734 2688 ὀξέων·
757 2619 904 2696 μεγάλων)
931 2619 962 2678 es
983 2619 1098 2679 scholio
1118 2620 1156 2679 ad
1175 2621 1271 2692 Apoll.

146 2710 202 2770 Rh.
216 2710 256 2770 IV
272 2720 346 2772 1258
372 2712 553 2791 (Διωλυγίης·
581 2715 745 2790 σκυτεινῆς·
770 2706 788 2789 ἢ
809 2711 960 2788 διωλυγίης
979 2709 1042 2769 οἰντλ
1068 2711 1119 2768 τού
1139 2708 1184 2768 ἐπὶ
1203 2708 1272 2768 πολὺ

144 2802 321 2883 θιηκυύσης).
347 2839 385 2851 -
410 2807 650 2879 rchNPQW3
677 2804 788 2872 νεικέυς
802 2808 841 2879 Q3
867 2802 945 2884 ἀρχη
959 2806 1006 2877 Μ;
1033 2837 1067 2846 -
1095 2802 1273 2863 11καιαθα-

146 2896 256 2956 νάτοισι
268 2900 315 2972 Μ;
335 2896 549 2975 θεμιστεύσωσι
561 2901 604 2972 Μ,
619 2899 745 2973 Bekker,
768 2904 798 2958 et
810 2900 873 2958 rell.
890 2900 965 2972 edd,
981 2894 1175 2973 θεμιστεύωσι
1189 2898 1272 2958 codd.

144 2991 218 3051 dett.
240 2999 270 3051 et
292 2993 358 3052 edd.
379 3000 447 3053 ante
463 2992 604 3064 Bekker.;
626 2995 729 3070 νομῆες
749 3009 785 3051 ax
805 2994 892 3071 νομῆς
911 3009 948 3050 m.
963 3009 1007 3064 pr.
1028 2993 1059 3049 in
1073 2991 1104 3051 O.
1118 3024 1156 3035 -
1170 2990 1209 3051 12
1231 3012 1274 3058 τις

144 3084 180 3142 δε
193 3086 240 3158 Μ;
260 3084 427 3166 δικασπολίη
441 3087 486 3158 Α;·
502 3080 590 3143 ἔκλυε
605 3086 735 3158 GLNP3
756 3085 865 3165 νύμφης
880 3103 915 3145 ex
929 3081 1047 3162 νύμρεις
1059 3086 1100 3143 Μ.
1115 3085 1204 3146 -13
1224 3085 1273 3162 ύρ·

39 3251 46 3261 „
147 3195 225 3254 γειης
237 3177 271 3236 Μ
286 3186 311 3251 1,
333 3174 451 3257 ἀργειης
463 3179 497 3236 Μ
511 3186 538 3237 2.
548 3211 586 3222 -
596 3175 732 3256 Ἀργείης·
754 3177 830 3256 ἀτὰρ
844 3176 932 3236 αὐταί
939 3181 1024 3237 metri
1038 3180 1171 3237 nimirum
1185 3196 1274 3238 eausa

146 3271 220 3330 coni.
240 3271 381 3330 Wernika
407 3271 446 3330 ad
470 3272 578 3346 Trypb.
604 3291 633 3346 p.
654 3281 715 3346 39.;
739 3270 910 3351 ἐθηήσασθε
927 3273 993 3332 Μ2
1020 3289 1055 3332 ex
1079 3269 1272 3350 ἐθηήσασθαι,

146 3376 331 3490 ἐθηήσασθύι
346 3416 370 3488 Q
391 3420 476 3487 (corr.
490 3434 528 3476 m.
542 3420 628 3489 reo.);
645 3416 794 3492 μολούσας
807 3419 880 3476 eoni.
896 3416 1132 3475 Hemsterhnsius
1153 3416 1273 3474 innotis

144 3506 186 3565 ad
204 3506 364 3567 Luciannm
383 3510 492 3568 Toml
511 3528 539 3583 p.
555 3518 610 3569 252
631 3516 660 3567 et
678 3508 797 3582 Lennep
816 3509 954 3578 innotis,
976 3507 1039 3566 ubi:
1067 3507 1117 3566 »si
1136 3508 1273 3578 vulgatae

148 3599 297 3667 standum.
324 3602 452 3675 deipsis
473 3603 613 3675 Nymphis
633 3602 766 3660 Troianis
795 3603 869 3661 haee
893 3600 1096 3672 intelligenda:
1127 3601 1152 3658 si
1176 3605 1274 3659 tamen

147 3707 260 3751 meeum
280 3710 404 3769 reponas
422 3693 585 3770 μολούσας,
612 3697 649 3755 de
669 3695 779 3754 deabus
799 3696 922 3767 Iunone,
948 3695 1061 3753 Venere
1082 3700 1112 3751 et
1131 3692 1274 3768 Minerva,

144 3802 268 3858 quarum
282 3789 390 3847 mentio
404 3805 445 3847 vs.
462 3798 496 3848 11
511 3791 570 3848 iam
583 3788 670 3860 iacta,
691 3788 729 3846 ad
742 3787 824 3846 Idam
837 3787 1060 3860 properantibus
1079 3788 1145 3860 oapi
1158 3788 1273 3847 debet«.

146 3878 355 3953 contraquam
368 3881 467 3941 Herm.
488 3901 516 3956 p.
533 3891 559 3944 8.
576 3891 592 3942 9
616 3883 775 3959 »μολοῦσαι
789 3883 814 3940 si
828 3898 864 3940 ex
877 3882 1090 3941 Hemsterhnsii
1104 3884 1274 3943 coniectura

147 3973 177 4028 in
188 3969 337 4046 μολούσας
349 3982 520 4049 mutaretur,
538 3983 626 4035 antea
641 3977 823 4035 scribendum
837 3980 901 4033 erat
921 3972 1089 4054 ἀθανάτησι.
1122 3976 1180 4035 Sed
1193 3983 1274 4035 reete

145 4064 286 4124 librorum
306 4069 481 4143 scripturam
506 4071 633 4130 servavit
652 4071 794 4142 Iulianus,
822 4068 1009 4142 defenditque
1034 4086 1137 4130 censor
1155 4069 1274 4128 Heidel-
