3108 4662
597 304 830 364 —lIl—

145 487 261 559 Steph,
281 487 413 545 Lectium
435 492 466 545 et
485 487 619 560 Portum,
644 489 694 560 qui
713 489 855 560 Brodaei,
876 490 1032 563 Anonymi,
1053 491 1272 566 Falkenburgii,

145 581 278 640 Neandri
298 582 339 651 (in
352 586 456 653 marg.)
471 581 598 642 etUbeli
612 583 805 641 coniecturam
829 580 949 660 δήθυνεν
969 577 1108 659 emam
1127 582 1195 661 παρ’
1220 583 1271 666 ὄχ-

147 673 215 739 θοις
239 680 422 747 receperunt.
462 672 647 746 Duasqueins
671 672 777 753 δήθυνε
800 671 864 732 ποτ’
893 672 1033 752 Εὐρώταο
1057 673 1127 754 παρ’
1156 673 1271 755 ὄχθαις,

147 767 267 839 Lennep
292 767 435 840 probante
460 766 595 825 Harlesio
621 768 722 825 melius
747 765 853 846 δήθυνε
879 764 947 845 παρ’
971 766 1111 845 Εὐρώταο
1132 769 1273 848 ῥεέθροις

147 860 280 919 coniecit.
320 859 354 916 M
373 859 440 916 libri
463 859 617 917 lectionem
642 866 817 932 receperunt
839 860 957 919 Bekher
982 867 1013 920 et
1037 863 1140 920 iulien.
1179 864 1272 922 Lehrs

145 952 343 1011 Hermannum
356 969 385 1024 p.
401 959 435 1010 21
453 958 569 1010 secutus
582 969 636 1024 pro
657 949 701 1009 ὑπ’
726 949 772 1023 ἐτ’
798 955 899 1027 edidit,
923 957 1002 1013 »eius
1018 962 1048 1014 et
1062 955 1134 1033 ὑπὲρ
1149 950 1180 1014 e't
1192 955 1273 1034 παρὰ

147 1045 302 1118 explicatio
328 1053 380 1120 est.
421 1046 484 1104 Nec
507 1043 639 1118 profecto
664 1052 733 1119 apte
753 1046 811 1104 dici
835 1049 931 1121 potuit
955 1048 1008 1107 sub
1034 1050 1119 1107 undis
1143 1048 1272 1108 Eurotae
1375 1056 1378 1063 ’

148 1141 257 1198 morari
275 1139 414 1198 Helena«
451 1140 563 1198 Herm.
594 1140 732 1199 Probavit
750 1142 805 1199 hoc
827 1141 986 1201 Schneider
1005 1160 1033 1215 p.
1055 1150 1111 1202 446
1133 1149 1163 1202 et
1182 1143 1273 1203 Tour-

148 1233 212 1290 nler
232 1251 260 1306 p.
282 1240 334 1304 42,
360 1234 409 1304 qui
431 1239 586 1306 praeterea
606 1232 741 1311 οἰχομένη
765 1230 886 1311 δήθυνεν
911 1235 1034 1293 coniecit
1058 1236 1163 1295 collato
1184 1253 1210 1294 v.
1236 1237 1272 1295 27

147 1321 290 1403 ἐρχομένη
304 1322 425 1404 δήθυνεν
439 1323 473 1390 ἐς
489 1321 581 1382 άλσεα
595 1322 776 1401 Κενταύροιο.
796 1359 831 1367 -—
852 1325 917 1385 242
934 1330 999 1383 τυῖα
1012 1327 1046 1385 δε
1058 1328 1100 1400 Μ,
1122 1326 1219 1387 τοιάδε
1234 1330 1273 1401 Q;

147 1413 230 1474 ἔνεπε
245 1420 284 1490 Q3
307 1450 339 1460 -
362 1417 424 1476 343
445 1417 521 1475 uider
536 1419 578 1490 M,
598 1414 675 1475 οἶδεν
695 1419 878 1491 AGLNQR
899 1428 929 1479 et
949 1421 1015 1479 edd.
1036 1422 1142 1481 iudea
1163 1423 1272 1497 Steph,

145 1507 221 1568 εἶδεν
242 1510 380 1583 1³sz,
401 1511 467 1568 Ald.
487 1530 520 1582 α;
541 1544 575 1552 -
597 1530 668 1588 υρυς
687 1511 728 1584 M,
749 1508 820 1587 άρος
839 1513 903 1570 rell.
925 1513 1007 1572 codd.
1030 1522 1060 1573 et
1079 1514 1163 1588 edd,
1180 1514 1273 1593 χόρον

146 1605 219 1662 coni.
247 1604 406 1664 Schneider
430 1622 458 1678 p.
481 1612 552 1677 446,
579 1606 647 1676 quia
673 1605 736 1663 »his
762 1605 857 1664 verbis
881 1606 1037 1666 Hermione
1061 1607 1171 1666 refutat
1196 1610 1274 1681 quod

145 1713 248 1754 servae
269 1699 435 1770 suspicatae
456 1705 547 1769 erant,
568 1699 676 1755 morari
690 1698 831 1756 Helenam
850 1700 927 1770 quod
940 1700 978 1757 ad
992 1701 1144 1760 mulierum
1159 1709 1273 1760 coetum

143 1805 234 1861 quum
254 1792 391 1862 venisset,
411 1807 429 1848 a
448 1792 496 1848 via
515 1790 654 1849 aberrans
675 1791 713 1849 ad
732 1796 847 1865 pratum
868 1800 919 1851 aut
939 1794 1079 1853 Eurotam
1099 1794 1206 1853 flumen
1226 1812 1275 1855 ve·

146 1885 254 1952 nisset,
278 1884 375 1955 ibique
400 1885 552 1942 resisteret
574 1885 686 1942 incerta
706 1886 825 1943 viarum.
866 1902 923 1957 qna
942 1888 972 1943 in
991 1904 1024 1945 re
1045 1888 1178 1946 iniuriam
1198 1889 1273 1947 Her·

146 1979 246 2036 mione
267 1976 377 2036 faceret
396 1978 578 2051 mulieribus,
604 1979 629 2035 si
649 1979 709 2036 alia
733 1979 896 2036 nominaret
914 1979 980 2038 loca
1000 1986 1088 2051 atque
1110 1996 1185 2051 quae
1204 1982 1272 2040 illae

144 2070 290 2129 dixerant.
321 2072 404 2142 atqui
422 2070 492 2129 facit
511 2072 566 2130 hoc
586 2068 657 2147 άρος
674 2088 845 2143 mamerano,
865 2073 946 2129 cuins
965 2073 994 2129 in
1013 2074 1127 2131 illarum
1141 2075 1273 2134 oratione

147 2180 205 2222 non
224 2162 304 2222 facta
324 2170 389 2221 erat
407 2164 523 2221 mentio.
562 2179 628 2221 nam
650 2178 685 2221 ea
705 2179 774 2221 voce
795 2161 952 2234 significari
972 2163 1107 2240 νυμφάων
1127 2162 1272 2243 ὁμήγυριν,

143 2257 244 2325 cuins,
270 2261 304 2314 ut
322 2273 397 2314 nunc
416 2273 464 2315 res
486 2263 544 2328 est,
569 2258 600 2314 ln
624 2255 825 2328 respondendo
854 2257 995 2315 rationem
1014 2257 1180 2316 nonhabet
1199 2259 1274 2317 Her·

144 2353 254 2424 mione,
275 2367 358 2410 nemo
378 2349 463 2409 facile
484 2351 598 2409 dixerit.
632 2352 730 2423 itaque
751 2367 836 2423 quum
857 2347 928 2425 ὅρος
941 2351 1034 2409 locum
1048 2353 1125 2410 tueri
1137 2359 1274 2427 nequeat,

150 2441 287 2521 ὁμήγυρις
307 2452 404 2502 autem
423 2445 552 2517 postulet
565 2444 642 2515 qnod
656 2442 712 2501 sibi
731 2441 917 2515 respondeat,
940 2442 1102 2502 Golluthum
1122 2447 1273 2519 scripsisse

145 2539 281 2611 suspicor
300 2533 361 2593 οἶδε
378 2535 505 2615 χορόν,
525 2536 660 2612 ποταμῶν
680 2532 752 2611 ἐδάη
763 2533 844 2612 ῥόον,
865 2542 898 2592 ut
916 2534 1010 2613 χορός
1023 2537 1165 2609 significet
1178 2541 1272 2599 locum

143 2630 261 2689 choreis
282 2629 466 2687 destinatum.
506 2645 573 2687 nam
597 2627 733 2706 ὁμήγυρις
756 2630 813 2686 ista
837 2628 989 2686 mulierum
1014 2645 1155 2700 quaenam
1174 2634 1273 2704 *possit

151 2727 216 2780 esse
237 2723 292 2780 nisi
312 2730 553 2796 congregatarum
572 2723 611 2781 ad
631 2721 716 2780 deum
732 2722 857 2792 aliquem
877 2720 1019 2779 choreis
1040 2722 1272 2783 celebrandum«

148 2814 348 2875 Schneider
376 2833 403 2892 p.
424 2825 490 2875 446.
529 2815 676 2874 Audacius
697 2815 839 2874 Teurnier
862 2832 891 2887 p.
913 2821 958 2875 42.
980 2822 1016 2874 43
1042 2812 1103 2873 οἶδε
1125 2814 1197 2893 ῥόον
1225 2837 1274 2874 πο-

140 2907 239 2977 ταμοῦ
260 2907 308 2964 καὶ
327 2906 459 2986 ὁμήγυριν
480 2909 618 2979 conlecit3
638 2906 700 2966 οἶδὲ
719 2909 761 2982 Μ,
781 2904 843 2965 οἶδε
863 2907 1012 2981 40an
1033 2916 1064 2968 et
1083 2909 1149 2967 edd.
1169 2911 1237 2970 inde
1257 2928 1276 2970 a

140 3005 255 3077 ‚Steph.,
276 3001 352 3062 οἶδεν
365 3005 401 3076 R,
421 3000 482 3061 εἶδε
499 3005 639 3080 Psz‚
658 3006 771 3078 413.ο;
786 3038 823 3049 -
836 3005 900 3064 344
914 3002 947 3070 ἐς
957 3003 1047 3082 ῥόδον
1065 3003 1149 3065 codd.
1164 3013 1195 3064 et
1207 3006 1275 3065 edd.

140 3096 256 3156 omues.
286 3097 406 3173 Lennep
427 3098 594 3158 dubitanter
613 3095 647 3164 ἐς
666 3097 772 3174 δρὸμον
793 3099 917 3157 coniecit
935 3098 1041 3157 collato
1054 3097 1210 3157 Theocrito
1230 3100 1274 3157 id.

146 3191 245 3251 XVIII
264 3209 290 3250 v.
306 3187 453 3268 33Ἅμμες
472 3190 499 3250 δ’
523 3191 558 3257 ἐς
570 3190 677 3269 δρόμον
690 3187 736 3270 ήμι
751 3190 799 3248 καὶ
812 3188 847 3256 ἐς
861 3189 994 3267 λειμώνια
1014 3188 1107 3266 φύλλα
1115 3187 1277 3267 Ἑρψοῦμες

147 3282 303 3360 στεφάνως
326 3282 515 3362 δρεφεάμενοι
535 3283 588 3342 ἁδὺ
608 3283 760 3356 πνέοντας;
785 3282 893 3361 δρόμον
917 3291 1014 3343 autem
1034 3284 1160 3340 stadium
1182 3301 1274 3358 prope

138 3377 187 3435 ad
199 3376 329 3436 Menelai
341 3379 452 3450 regiam
467 3384 643 3437 exstructum
664 3394 728 3437 esse
748 3378 847 3446 voluit,
869 3376 920 3435 cir.
942 3377 980 3436 ad
993 3394 1018 3436 v.
1035 3384 1090 3436 243
1105 3393 1150 3449 vg.
1184 3377 1274 3437 Grae·

149 3467 203 3527 fius
223 3486 251 3544 p.
273 3477 329 3529 255
349 3467 385 3536 ἐς
405 3469 511 3547 δρὸαυν
530 3472 633 3529 maluit
653 3471 765 3529 collatis
785 3487 829 3529 vv.
853 3477 918 3529 338.
941 3477 1005 3528 333.
1040 3469 1137 3527 Etiam
1158 3470 1274 3529 Schnei-

150 3563 203 3620 der
222 3579 251 3637 p.
266 3569 322 3622 446
343 3580 379 3622 ex
398 3565 434 3622 iis
450 3581 524 3637 quae
540 3565 578 3622 ad
598 3564 778 3638 superiorem
797 3579 911 3621 versum
931 3562 1045 3621 dixerat
1064 3562 1219 3637 profectus,
1240 3560 1275 3630 ἐς

148 3654 238 3733 ῥόδον
254 3657 284 3713 in
299 3660 491 3732 suspicionem
506 3659 632 3729 vocavit3
655 3656 748 3728 »quod
769 3673 834 3720 cum
853 3657 932 3730 prati
951 3657 1095 3715 mentione
1115 3660 1276 3717 arctissime

150 3750 382 3823 coniungendam
402 3767 466 3809 esse
479 3758 563 3826 patet
575 3752 626 3823 ita,
647 3756 680 3807 ut
694 3766 748 3824 pro
760 3765 819 3806 una
831 3755 984 3820 utrumque
998 3750 1036 3807 sit
1049 3751 1175 3809 notione.
1199 3752 1276 3824 quod
1298 3814 1301 3821 ,

151 3859 237 3901 secus
270 3861 346 3901 nunc
370 3851 422 3902 est.
462 3861 528 3903 nam
553 3845 578 3902 si
603 3844 666 3915 quis
696 3842 805 3902 obiciat
828 3838 943 3918 poetam
966 3841 1060 3914 figura
1084 3860 1166 3926 usum
1191 3861 1277 3916 quam

149 3935 250 3994 dicunt
270 3931 301 3994 ἓν
322 3935 370 3994 διὰ
388 3936 476 4010 δυοῖν,
497 3937 576 3995 istud
588 3939 721 4012 posuisse
736 3954 790 4011 pro
809 3933 845 4002 ἐς
861 3933 1005 4014 ῥυδάεντα
1025 3936 1157 4012 λειμῶνα,
1178 3940 1205 3997 ei
1226 3940 1276 3998 do·

137 4028 269 4087 cendum
290 4030 359 4103 erit,
387 4030 464 4103 quod
488 4047 591 4091 vereor
615 4047 652 4089 ne
678 4030 776 4090 doceri
797 4037 937 4103 nequeat,
962 4032 992 4088 in
1013 4048 1050 4090 eu
1069 4030 1162 4105 figura
1182 4032 1276 4089 careri
