3108 4662
595 358 828 423 -113-

147 560 234 604 versu
254 551 319 617 330,
340 560 397 616 quo
412 542 570 604 Hermione
590 544 662 603 dicit
680 550 802 603 matrem
822 559 904 603 suam
925 561 961 604 ue
981 561 1057 604 nunc
1077 545 1202 619 quidem,
1224 545 1274 606 uhi

151 640 255 699 stellae
276 641 408 699 oriantur
427 645 458 698 et
481 655 538 698 nox
557 638 609 698 fiat
633 638 711 698 domi
730 655 908 713 comparere.
948 640 1048 712 itaque
1072 637 1276 723 3330130330-

148 733 266 792 surdum
289 740 334 794 est
353 740 459 807 putare
478 739 570 793 totum
585 733 662 792 diem
682 734 737 793 isto
758 749 890 793 sermone
911 740 1112 807 consumptum
1132 750 1206 808 esse,
1227 733 1276 792 de-

148 826 444 887 sideraturnarratio
465 842 563 886 earum
587 841 781 898 rerumquae
807 827 884 886 inter
910 833 1023 900 tempus
1048 829 1220 886 matutinum
1246 833 1277 887 et

148 923 345 994 vespertinum
365 919 462 980 133333
482 925 558 978 sunt.
593 919 699 979 deinde
718 937 806 979 unum
827 927 857 979 et
873 922 1037 980 continuum
1060 922 1085 980 si
1103 922 1275 981 haberemus

148 1027 308 1073 sermonem
329 1031 348 1072 a
367 1031 393 1071 v.
415 1022 472 1073 330
492 1013 530 1072 30
550 1032 575 1071 v.
597 1020 667 1087 362,
694 1015 742 1085 qui
761 1012 824 1072 fieri
848 1016 944 1087 potuit
963 1021 997 1073 ut
1018 1016 1047 1073 in
1069 1032 1103 1075 eo
1128 1017 1193 1089 ipso
1216 1034 1276 1077 ser·

147 1123 232 1165 mone
252 1124 278 1165 v.
294 1109 351 1166 353
367 1124 429 1180 sqq.
444 1107 600 1166 Hermione
620 1114 754 1166 narraret
774 1109 860 1166 silvas
875 1125 907 1167 se
927 1110 1142 1182 pervestigasse
1164 1117 1198 1170 ut
1216 1128 1274 1170 rna-

147 1207 222 1260 trem
249 1203 422 1274 quaereret?
458 1208 604 1275 postremo
633 1220 659 1261 v.
687 1211 743 1262 334
769 1220 870 1262 servae
897 1204 1032 1262 dicuntur
1057 1211 1178 1263 conatae
1210 1221 1275 1264 esse

150 1295 327 1354 Hermionen
347 1297 488 1366 retinere,
518 1297 570 1356 sed
595 1314 652 1356 non
673 1305 797 1371 apparet
815 1315 910 1371 neque
934 1300 1011 1359 unde
1031 1301 1158 1360 retinere
1179 1301 1275 1361 volue-

150 1389 220 1461 riut,
240 1405 294 1447 nee
314 1405 399 1461 quem
418 1391 474 1450 iste
495 1397 614 1450 conatus
635 1398 766 1450 eventum
786 1392 930 1452 habuerit.
960 1410 1035 1465 quae
1055 1395 1111 1453 nisi
1131 1394 1276 1453 addantur

143 1481 349 1554 ,imperfectam
375 1488 458 1557 petet
488 1486 684 1545 narrationem
709 1503 781 1545 esse.
825 1487 929 1558 quibus
954 1490 1131 1561 argumentis
1157 1489 1275 1562 planum

148 1576 275 1635 arbitror
289 1593 354 1637 3333
368 1577 476 1636 facturn
489 1580 587 1651 plures
601 1580 786 1638 intercidisse
800 1595 899 1638 versus
915 1580 1019 1651 quihus
1032 1582 1164 1640 narravit
1179 1582 1275 1642 (inllu-

147 1669 215 1727 thus
235 1666 343 1728 frustra
369 1671 426 1728 iam
451 1670 488 1732 ab
509 1672 622 1730 ancillis
642 1671 817 1731 Hermionen
838 1689 903 1732 esse
923 1679 1067 1733 retentam
1094 1675 1171 1734 domi
1197 1692 1274 1734 eam-

149 1779 205 1836 que
226 1770 330 1823 ounota
349 1766 569 1839 perquisivisse,
593 1772 627 1825 03
646 1772 834 1838 cognosceret
854 1765 904 1824 uhi
923 1768 1018 1824 mater
1038 1775 1116 1826 33333
1137 1774 1167 1826 33
1187 1770 1274 1828 silvas

150 1873 266 1929 quoque
289 1860 513 1932 pervestigasse.
552 1859 630 1932 quod
660 1876 746 1933 quum
771 1877 825 1933 per
850 1853 1045 1920 totum'diem
1065 1859 1196 1934 iecisset,
1221 1864 1274 1922 snb

150 1954 350 2024 crepusculum
378 1951 485 2011 infecta
509 1969 542 2011 re
561 1953 684 2012 rediisse
710 1958 740 2011 et
766 1969 853 2025 quum
876 1954 1001 2012 nondum
1022 1954 1099 2013 domi
1125 1972 1190 2014 3333
1215 1973 1274 2016 ma-

149 2049 225 2103 trem
238 2047 438 2119 intellexisset,
453 2049 495 2107 sic
508 2049 598 2106 verba
610 2046 715 2106 iecisse
729 2045 854 2125 ἀστέρες
868 2053 941 2106 etcr
964 2048 1056 2106 Recte
1070 2048 1143 2106 haec
1156 2049 1273 2108 Schnei-

149 2138 218 2211 der,
244 2141 299 2198 nisi
324 2142 400 2213 quod
426 2143 463 2200 de
483 2159 525 2201 vv.
547 2150 613 2202 330.
635 2142 1001 2216 331133030313313033
1029 2158 1172 2215 apparere
1193 2142 1273 2213 dixit,

150 2232 227 2291 unde
247 2234 433 2294 Hermionam
452 2238 579 2295 retinere
598 2242 720 2296 conatae
740 2238 798 2296 sint
817 2237 950 2296 ancillae.
984 2237 1041 2295 Est
1061 2237 1136 2296 euim
1158 2232 1273 2312 ἐρύκειν

152 2323 352 2405 στενάχουσαν
371 2329 448 2388 idem
468 2336 556 2402 atque
576 2327 689 2407 ἐρύκειν
713 2328 768 2386 ἀπὸ
788 2331 962 2408 στεναγμοῦ;
987 2330 1065 2403 quod
1089 2331 1162 2389 vidit
1186 2331 1274 2389 etiam
1346 2322 1349 2327 ’

149 2418 291 2478 Tournier
311 2439 339 2494 p.
361 2428 398 2481 33
419 2423 523 2482 3311333
544 2424 647 2482 Nonno
666 2422 751 2481 Dion.
772 2423 801 2482 Il
821 2430 891 2482 489:

866 2557 960 2624 Σέλας
982 2557 1071 2637 ὑψόθι
1088 2557 1196 2635 βαίνειν

251 2649 286 2710 οὐ
306 2650 402 2729 θέμις·
424 2651 585 2732 ἀστεροπὴν
607 2652 662 2729 γὰρ
682 2651 933 2731 ἀναθρώσκουσαν
953 2649 1052 2727 ἐρύκει
1072 2651 1101 2722 (ὁ
1118 2652 1195 2730 ἀήρ).

152 2830 186 2838 -
209 2795 272 2856 345
286 2797 371 2856 Ηο03
389 2814 503 2856 versum
523 2805 591 2871 post
609 2816 635 2855 v.
651 2806 706 2858 332
726 2799 816 2856 habet
828 2798 861 2856 M
882 2799 923 2855 sio
941 2798 1080 2870 scriptum
1101 2795 1205 2873 ἀνέρες
1225 2799 1274 2855 hrr-

149 2886 246 2947 νόοοσι
256 2890 304 2948 κοιλ
314 2889 345 2948 ἐν
356 2889 619 2952 σκοπελοισινιαύει.
630 2892 769 2964 Sequenti
778 2892 876 2950 versui
886 2890 1272 2965 postponuntLNPRSVW3

149 2984 298 3056 vulgatam
318 2985 423 3059 probat
443 2987 530 3045 etiam
551 2986 710 3046 Schneider
729 3004 757 3060 p.
775 2993 840 3046 403.
863 3019 895 3028 -
921 2983 1055 3043 ὑπνόοοσι
1075 2985 1186 3058 Mam
1207 3003 1275 3042 σκο-

149 3074 259 3135 πέλοισι
274 3078 311 3150 03
331 3076 511 3144 σκοπέλοισιν
524 3081 553 3138 10
568 3079 760 3154 suspicionem
774 3080 888 3139 vocavit
902 3080 1060 3139 Schneider
1079 3097 1107 3155 p.
1121 3086 1186 3139 408.
1202 3087 1273 3140 409:

153 3188 236 3229 »nam
257 3169 395 3229 andrelec
413 3189 517 3246 parum
537 3178 605 3246 apta
625 3179 809 3246 opponuntur
829 3173 940 3244 domui,
960 3189 1055 3243 neque
1076 3174 1152 3231 enim
1173 3174 1198 3231 si
1217 3190 1274 3233 non

150 3264 229 3324 domi
250 3271 314 3324 erat
333 3266 460 3339 Helena,
481 3266 549 3325 inde
570 3265 749 3325 efficiebatur
769 3261 800 3322 ἐν
821 3263 976 3330 σκοπέλοις
996 3282 1059 3324 earn
1079 3266 1201 3338 morari,
1222 3265 1274 3324 sed

151 3361 248 3433 potuit
267 3361 354 3419 etiam
374 3362 404 3418 in
424 3361 503 3418 silvis
524 3376 589 3418 esse
609 3364 661 3419 aut
674 3359 712 3418 ad
725 3358 841 3430 flumen,
865 3360 895 3416 in
910 3360 1035 3432 scopulis
1049 3364 1146 3417 autem
1160 3359 1273 3431 potissi·

148 3471 226 3513 mum
252 3471 316 3514 eam
335 3456 442 3516 morari
468 3454 544 3513 uude
570 3460 668 3513 tamen
687 3454 844 3514 coniecerit
863 3451 1039 3513 Hermione?
1063 3468 1120 3509 uon
1140 3451 1274 3510 dubitan-

148 3547 218 3608 dum
238 3550 329 3622 igitur
349 3550 417 3622 quin
437 3544 468 3606 ἐν
493 3545 675 3606 σκοπέλοισιν
700 3552 867 3620 corruptum
893 3548 946 3619 sit,
972 3547 1018 3604 cui
1043 3544 1274 3604 substituendum

148 3659 213 3701 esse
239 3639 470 3702 malmendren
496 3640 676 3700 σκοτέεσσιν.
722 3657 788 3698 nam
814 3639 923 3705 σκότος
952 3656 1154 3712 nonnunquam
1180 3641 1275 3699 locum

152 3736 303 3796 obscurum
326 3742 356 3796 et
376 3738 413 3796 ab
432 3738 488 3796 hae
507 3737 664 3796 communis
685 3735 762 3794 vitae
782 3736 916 3793 claritate
940 3737 1163 3794 remotissimum
1188 3733 1275 3806 signi·

152 3828 221 3890 ficet
241 3836 274 3888 ut
293 3833 323 3890 in
334 3832 534 3905 Xenophontis
548 3829 640 3889 Anab.
656 3837 682 3902 2,
702 3836 728 3901 5,
750 3830 780 3887 i:
803 3826 850 3886 τὸν
872 3826 926 3905 γὰρ
946 3826 1024 3885 θεῶν
1045 3827 1167 3904 πόλεμον
1183 3826 1276 3893 -εἷς

146 3927 226 3982 ποῖον
247 3917 282 3982 ἂν
302 3924 412 3989 σκότος
432 3922 587 4002 decipulo,
612 3928 741 3981 ceterum
762 3923 786 3980 si
807 3922 870 3994 quis
897 3927 1049 3994 praestare
1075 3920 1222 3994 putaverit
1242 3915 1273 3976 έν

147 4019 303 4076 σκοτίοισιν
324 4019 457 4090 equidem
477 4033 534 4076 non
553 4015 751 4089 refragator«
793 4016 876 4073 Haec
896 4014 1059 4075 Schneider
1083 4031 1186 4088 parum
1210 4012 1274 4072 feli·

146 4111 235 4184 oiter3
255 4113 391 4184 vulgatae
411 4112 529 4171 lectioni
547 4109 626 4170 favet
643 4110 730 4168 etiam
750 4127 775 4171 v.
791 4111 856 4168 347.
886 4109 1044 4181 Vulgatam
1061 4110 1138 4167 tueri
1153 4111 1275 4167 3303303

147 4244 150 4250 ,
199 4208 322 4256 33331,
340 4208 463 4252 canamus.
1053 4203 1071 4253 8
