3122 4656
614 291 823 352 ..41-

157 481 274 534 scatere
291 481 440 549 reputans,
461 491 479 534 a
500 490 546 533 me
566 472 722 548 impetrare
743 491 800 535 non
819 475 911 547 potui,
932 480 965 533 ut
983 491 1076 547 nsque
1090 477 1217 549 ineptam
1231 491 1280 535 ne

157 584 214 640 que
234 567 380 627 difficilem
396 568 539 642 Leunepii
558 568 755 627 coniecturam
775 584 830 626 non
851 568 907 626 nisi
920 573 1040 641 propter
1053 568 1086 626 M
1098 567 1165 627 libri
1179 568 1279 628 sordes

157 663 325 735 spreverim.
362 663 432 720 »Vir
445 661 551 722 doctus
572 659 759 721 11111111.
781 661 985 720 emendaverat
1003 657 1148 737 ἐδράξατο
1167 657 1279 737 πέτρην,

157 755 268 826 absque
288 756 463 813 necessitate
484 755 545 813 nlla
564 771 621 814 nou
640 758 762 826 tantum,
782 753 941 813 sedetiam
961 758 1061 812 contra
1078 758 1183 825 poetae
1203 769 1281 811 men·

70 872 72 879 <
157 853 224 919 tem,
245 847 294 918 qui
313 847 443 906 insimili
462 863 494 912 ra
514 852 561 905 ter
578 846 725 904 minimum
745 836 863 904 verbum
883 843 1053 921 ἐφράσσατο
1067 846 1223 904 inculcavit
1246 853 1278 902 ut

157 957 183 998 1.
199 945 234 998 56
255 945 286 998 et
305 947 375 1013 60«,
400 940 507 998 Lenn.
530 972 564 981 -
586 939 728 998 Tournier
747 956 776 1011 p.
796 945 831 996 12
855 945 922 1010 post
942 939 1022 996 varia
1042 939 1201 997 tentamina
1221 932 1280 1007 (od

158 1029 194 1089 λά
208 1040 249 1104 τέ,
269 1027 365 1105 οὖλον)
385 1051 438 1108 pro
452 1029 522 1089 οὐδέ
534 1050 567 1089 τε
581 1033 627 1090 vel
641 1027 703 1088 οὐδ)
720 1051 749 1104 α,
770 1032 800 1088 in
819 1025 887 1109 οὔλη
907 1030 946 1088 ad
963 1030 1041 1108 χειρὶ
1060 1029 1214 1089 referendo
1234 1044 1281 1088 ac·

158 1126 276 1198 quievit,
298 1125 374 1197 quod
394 1126 463 1184 mibi
482 1127 586 1184 iterum
606 1130 727 1199 propter
740 1125 883 1197 ingratam
897 1123 1048 1183 verborum
1062 1124 1279 1184 collocationem

156 1235 214 1279 non
234 1220 338 1292 placet.
368 1219 528 1278 Praeterea
540 1219 683 1277 Tournier
704 1235 732 1290 p.
749 1226 784 1277 13
805 1235 858 1290 pro
878 1217 981 1294 πέτρην
994 1222 1074 1275 11111
1094 1216 1181 1275 scribi
1199 1215 1281 1273 iubet

156 1308 258 1388 πέτρη,
285 1327 342 1383 qua
367 1313 525 1371 mutatione
550 1310 706 1384 significari
734 1312 795 1368 vult
820 1309 930 1368 frustra
955 1308 1112 1369 inferorum
1133 1314 1163 1367 et
1183 1315 1279 1367 terrae

158 1405 294 1462 auxilium
321 1405 358 1464 ab
381 1396 486 1463 Eride
503 1406 664 1462 invocatum
693 1419 771 1476 esse3
803 1402 875 1463 conf.
902 1404 985 1462 Hom.
1010 1402 1104 1475 hymn.
1131 1403 1161 1458 in
1184 1401 1279 1474 Apoll.

157 1497 325 1570 Pyloros.
354 1504 416 1556 162.
445 1505 508 1557 163.
532 1496 610 1576 χειμλ
635 1498 813 1575 καταπρηνεῖ
835 1492 862 1552 δ’
891 1489 979 1552 ἔλασε
1002 1494 1100 1573 χθόνα
1124 1493 1172 1550 καλ
1202 1491 1279 1569 φάτο

155 1588 248 1664 μῦθον
262 1631 380 1649 ......
406 1585 456 1655 Ὣς
476 1587 535 1666 ἄρα
554 1585 708 1667 φωνησασ’
734 1588 819 1664 draca
837 1586 935 1666 χθόνα
952 1586 1030 1665 χειρὶ
1049 1586 1152 1665 παχεξη
1173 1583 1279 1662 Κινηδη

158 1677 186 1738 δ’
204 1680 261 1759 ἄρα
275 1685 341 1758 γαῖα
353 1681 527 1759 φερέσβιος·
548 1679 606 1760 ἡδ’
630 1678 769 1739 ἐσιδοῦσα
792 1679 914 1756 Τέρπετο
935 1678 967 1737 ὃν
987 1680 1063 1737 κάτα
1084 1678 1182 1755 θυμὸν,
1202 1675 1279 1735 disco

159 1773 215 1852 γὰρ
235 1774 394 1833 τελέεσθαι.
413 1809 445 1828 -,
466 1776 524 1833 Pro
544 1771 614 1831 οὐδέ
626 1793 658 1830 τε
677 1775 744 1832 olim
764 1771 862 1850 ηδάδα
882 1774 998 1832 conieci.
1022 1805 1055 1814 -
1077 1790 1101 1829 v.
1117 1770 1158 1830 49
1180 1772 1229 1843 qui
1250 1772 1279 1828 in

129 1923 131 1928 .
158 1869 219 1928 solo
237 1868 270 1927 M
288 1876 420 1943 apparot,
438 1869 506 1927 libri
526 1869 686 1927 deteriores
707 1875 737 1926 et
756 1867 900 1926 editiones
921 1873 988 1924 ante
1007 1865 1172 1924 Bekkernm
1194 1866 1277 1924 omit·

160 1968 232 2034 tunt,
247 1963 423 2035 transposito
435 1963 464 2020 in
476 1964 537 2020 eius
547 1963 641 2020 locum
652 1976 737 2019 versu
747 1967 792 2018 52.
804 1992 841 2001 —
851 1953 939 2036 ἤθελε
949 1950 977 2015 δ’”
983 1974 1036 2030 pro
1047 1952 1150 2035 ἤδελεν
1161 1957 1278 2015 Schnei-

158 2055 211 2113 der
230 2056 353 2115 coniscit
369 2057 388 2113 l.
408 2055 427 2112 1.
447 2057 509 2114 sine
529 2072 630 2126 causa,
652 2070 716 2112 cum
738 2054 825 2111 etiam
846 2050 921 2110 infra
940 2058 1017 2110 152
1042 2050 1145 2123 copula
1169 2050 1278 2122 optimo

158 2147 231 2208 libro
251 2147 367 2207 iubente
388 2148 548 2206 omittenda
568 2155 640 2206 erat.
671 2145 789 2224 κληῖδας
809 2145 910 2204 άνεισα
927 2145 975 2216 M,
999 2143 1075 2215 quod
1096 2142 1184 2200 tacite
1204 2157 1279 2200 corr.

159 2241 290 2312 Beklrer3
311 2274 347 2283 -
373 2239 418 2300 60
440 2240 595 2299 »Defectus
616 2241 738 2314 copulae
758 2240 871 2314 impulit
890 2254 950 2307 me,
976 2243 1009 2296 ut
1033 2235 1214 2296 scribendum
1234 2251 1280 2292 su·

158 2335 254 2408 spicer
266 2333 315 2390 κολ
332 2332 477 2412 χθονίων(
499 2334 664 2406 Lennep,
686 2334 767 2392 cuius
789 2333 968 2392 correctione
988 2348 1045 2390 non
1065 2330 1187 2402 amplios
1207 2345 1279 2401 opus

157 2427 300 2497 restituto,
313 2443 349 2484 ex
360 2426 394 2484 M
406 2427 480 2485 libro
499 2426 572 2485 loco.
593 2424 708 2499 τιτήνας
722 2425 809 2497 MW,
830 2422 947 2501 τιθήνας
961 2423 1016 2496 SV,
1038 2429 1067 2481 et
1087 2420 1107 2479 d
1128 2426 1174 2480 est
1193 2423 1279 2479 etiam

157 2522 187 2578 in
201 2520 329 2593 margine
343 2519 381 2576 W
394 2518 469 2577 libri.
496 2515 654 2594 βαρέδρων
669 2518 752 2589 Gw3
767 2550 804 2561 -
826 2515 863 2575 51
881 2514 1069 2594 οψιμέδοντος
1082 2514 1225 2571 ἀῖστωσαι
1237 2513 1278 2584 Μ,

159 2611 334 2686 intormem
354 2614 393 2683 A,
419 2607 504 2688 ἕδρην
523 2610 662 2682 MAOL3
684 2644 716 2652 -
747 2611 920 2668 1111111152
940 2609 996 2668 hoc
1015 2623 1128 2679 quoque
1148 2608 1210 2664 loco
1230 2607 1279 2664 ha·
1309 2660 1312 2665 .

103 2784 107 2787 ,
159 2707 229 2783 bent
247 2706 348 2766 LRW
368 2707 409 2775 (in
430 2705 512 2763 cuius
533 2706 663 2776 margine
683 2710 751 2761 ante
765 2720 808 2760 vv.
824 2709 861 2760 49
876 2707 906 2759 11
921 2708 955 2758 51
972 2701 1153 2772 corruptelae
1167 2700 1279 2770 signum

159 2803 219 2867 est,
245 2805 275 2857 et
294 2799 390 2857 versui
404 2805 442 2856 51
463 2797 500 2856 ab
521 2797 615 2855 altera
636 2812 722 2853 manu
742 2793 788 2860 δίς
807 2795 997 2868 adscriptum)
1023 2801 1053 2851 et
1071 2792 1173 2850 habuit
1192 2791 1280 2850 etiarn
1310 2856 1314 2863 ,

159 2898 194 2966 A,
214 2894 243 2950 in
264 2910 320 2977 qno
345 2899 442 2952 tamen
467 2898 572 2965 postea
593 2908 692 2949 erasus
714 2896 768 2948 est.
809 2889 953 2948 Omittnnt
971 2887 1033 2944 rell.
1054 2885 1137 2944 codd.
1159 2885 1229 2942 dett.
1250 2891 1280 2943 et

162 2984 229 3043 edd.
253 2991 321 3043 ante
340 2984 467 3043 Beklrer.
498 2987 573 3043 Ante
592 2985 668 3043 bunc
687 3001 799 3042 versum
820 2984 941 3041 lacunae
961 2981 1044 3053 signa
1062 2979 1146 3052 posui
1166 2977 1281 3037 Schnei-

160 3080 230 3139 dero
250 3078 415 3149 obsecutus,
437 3080 486 3151 qui
505 3097 531 3152 p.
549 3086 602 3137 411
626 3083 706 3137 recte
726 3078 835 3136 monuit
850 3080 934 3148 »post
946 3091 971 3132 1.
988 3080 1022 3131 51
1038 3072 1180 3130 excidisse
1194 3086 1280 3142 quae·

160 3172 226 3229 darn
240 3170 342 3242 quibus
357 3171 564 3244 exponebatur,
585 3187 637 3229 cur
651 3169 728 3228 istud
743 3170 892 3228 consilium
907 3171 1039 3225 eventum
1052 3180 1108 3223 uon
1122 3164 1278 3221 habuisset.

160 3264 236 3337 quod
263 3273 294 3323 ut
320 3267 351 3325 in
375 3266 461 3324 simili
486 3281 575 3323 causa
600 3262 728 3321 additum
756 3266 801 3320 est
826 3278 852 3317 v.
868 3267 903 3318 53
926 3265 955 3316 et
975 3276 1000 3315 1.
1016 3260 1067 3328 57,
1093 3257 1136 3312 ita
1155 3270 1209 3311 nec
1232 3254 1299 3310 hic-

160 3358 254 3417 omitti
273 3360 394 3431 potuit«.
411 3392 444 3400 -·
468 3355 509 3416 52
528 3354 631 3433 ἦθελεν
645 3354 762 3434 ἦχιεντα
774 3355 816 3425 M,
836 3347 924 3430 ἤθελε
937 3349 967 3409 δ’
981 3348 1105 3427 ἠχήεντα
1117 3348 1181 3405 1111.
1196 3346 1278 3405 codd.

160 3457 190 3508 et
204 3450 279 3521 edd,
301 3453 433 3523 copulam
447 3466 502 3521 ego
516 3449 598 3508 omisi
613 3464 677 3505 cum
687 3447 727 3504 M.
750 3479 775 3486 -
794 3446 934 3522 πριατῆρα
947 3443 988 3515 M,
1008 3441 1176 3516 πορηστῆρα
1190 3439 1229 3510 G3
1241 3471 1278 3481 -

160 3541 199 3601 53
220 3540 354 3620 ἢφαίστω
374 3544 416 3614 Μ,
436 3540 485 3620 ἠφ.
506 3542 576 3613 AQ3
606 3538 736 3596 dccccxcv
755 3540 803 3609 Μ,
835 3535 1028 3614 ἀμαιμακέτην
1048 3535 1095 3605 M,
1121 3529 1278 3608 ἀτυζομένη

162 3636 225 3693 1111.
246 3637 329 3695 codd.
345 3641 375 3694 et
389 3636 454 3694 edd.
470 3639 537 3692 anta
558 3632 719 3702 Lehrsium,
740 3632 788 3702 qui
809 3627 988 3706 ἀμαιμακέτη
1007 3627 1119 3698 recepit
1138 3627 1278 3698 probante

160 3730 248 3787 etiam
258 3730 416 3788 Tournerio
427 3747 455 3802 p.
470 3737 513 3788 13.
528 3762 560 3769 -
579 3726 739 3786 »Relictam
754 3731 916 3783 ceterorum
929 3723 1082 3781 lectionem
1095 3725 1193 3777 tuetur
1206 3719 1277 3791 Try·

160 3822 317 3894 phiodorus
348 3840 372 3880 v.
394 3830 449 3882 685
475 3820 621 3898 Ἡφαίστῳ
648 3815 674 3877 δ’
703 3816 833 3876 ὑπόεικεν
862 3813 1036 3892 ἀτυζόμενος
1062 3810 1152 3891 χόλον
1175 3806 1277 3887 Ἥρης(

160 3915 314 3973 Beklrer.
345 3914 397 3973 sed
416 3919 497 3974 recte
517 3920 617 3972 contra
629 3913 727 3971 Herm.
742 3929 769 3983 p.
787 3918 820 3969 11
845 3911 891 3967 »id
910 3926 965 3981 quo
979 3912 1064 3980 pacto
1080 3903 1278 3963 defendendae

161 4005 239 4080 apud
254 4004 406 4064 Ooluthnm
426 4006 560 4078 vulgatae
581 4001 737 4078 ἀτυζομένη
757 4001 889 4059 adhiberi
910 4001 1012 4072 possit,
1032 4015 1089 4057 non
1109 3998 1201 4067 rideo,
1222 3996 1276 4053 nisi
