3122 4656
494 1151 1005 1258 Parnassio,

182 1533 351 1665 Oollnthi
366 1595 590 1681 Lycopolitani
611 1616 742 1660 carmen
764 1595 888 1678 epicum
912 1598 952 1662 de
968 1604 1070 1681 raptu
1085 1598 1226 1665 Helenae
1242 1620 1313 1664 ver·

184 1710 275 1775 sibus
300 1706 544 1791 elegantissimis
565 1707 608 1771 ad
623 1707 729 1772 Nonni
750 1727 894 1772 normam
910 1708 1046 1773 conditis
1060 1699 1196 1782 'ineunte
1215 1711 1252 1773 ut
1266 1709 1310 1774 vi·

76 1854 79 1860 ·
181 1820 276 1889 detur
290 1842 321 1904 p.
340 1818 412 1883 Chr.
430 1839 460 1882 n.
477 1817 604 1883 saeculo
620 1821 713 1883 sexto
728 1819 950 1901 compositum,
972 1817 1047 1883 licet
1061 1818 1159 1902 paulo
1175 1818 1309 1883 ieiunius

181 1934 213 1995 et
242 1928 345 1994 multo
374 1929 477 2012 magis
506 1928 658 2015 loquendi
686 1928 829 1994 formulis
858 1951 941 2012 quae
970 1930 1094 1994 auctori
1122 1930 1156 1995 in
1187 1928 1310 1993 deliciis

180 2043 272 2104 erant
295 2039 338 2104 ad
360 2059 511 2105 nauseam
526 2059 630 2126 usque
652 2039 840 2122 saepissime
854 2039 1091 2105 recurrentibus
1107 2060 1204 2122 quam
1221 2037 1310 2102 fideli

179 2149 284 2215 Nonni
300 2149 481 2214 imitatione
491 2149 621 2232 insigne,
637 2154 746 2214 tamen
756 2149 832 2215 inde
846 2149 1116 2217 arenaeoentium
1126 2148 1307 2214 litterarum

183 2260 383 2341 temporibus
398 2259 570 2324 multorum
591 2259 730 2325 virorum
747 2260 916 2326 doctorum
938 2260 1100 2324 assiduam
1121 2257 1306 2342 felicemque

180 2375 348 2454 expertum
371 2374 420 2435 est
441 2390 582 2452 operam.
624 2368 735 2452 Neque
757 2375 866 2435 tamen
888 2391 939 2434 me
960 2368 1111 2435 laborum
1131 2389 1211 2453 quos
1232 2368 1306 2433 huic

180 2479 314 2545 carmini
335 2480 477 2563 impendi
495 2481 649 2564 poenitet,
673 2501 746 2544 oum
761 2480 851 2545 nulla
873 2480 939 2545 eius
962 2484 1050 2545 extet
1065 2479 1164 2545 editio
1185 2479 1218 2542 in
1241 2499 1306 2561 qua

182 2589 328 2655 codicum
347 2590 545 2655 variantibus
561 2590 748 2655 lectionibus
775 2595 807 2655 et
829 2590 1010 2656 criticorum
1032 2588 1306 2654 observationibus

178 2698 212 2763 in
238 2720 337 2764 unum
364 2700 521 2783 congestis
551 2720 680 2764 carmen
708 2698 794 2763 lectu
815 2719 893 2764 sane
915 2720 978 2765 non
1003 2699 1171 2780 indignum
1193 2698 1305 2763 sinon

178 2808 222 2874 ad
242 2810 413 2893 pristinum
434 2810 570 2874 nitorem
592 2808 775 2891 reductum,
813 2806 928 2874 saltem
954 2810 1002 2873 ita
1024 2807 1219 2890 descriptum
1249 2826 1305 2891 ap·

178 2924 357 3003 paratuque
372 2920 482 2987 critico
497 2924 645 2986 ornatum
660 2919 711 3000 sit,
726 2924 764 2982 ut
778 2917 878 2985 multo
892 2919 957 2983 iam
973 2916 1098 2985 facilior
1116 2918 1183 2983 eius
1199 2936 1304 2983 emen·

177 3028 267 3093 datio
290 3029 520 3095 editoribuset
543 3029 660 3094 criticis
684 3030 792 3094 futura
814 3030 867 3094 sit.
912 3029 996 3093 Nam
1022 3033 1060 3093 ut
1082 3048 1187 3111 pauca
1209 3049 1304 3113 quae-

180 3139 257 3204 dam
279 3138 320 3204 de
343 3139 483 3205 Oolluthi
504 3138 640 3204 historia
670 3139 780 3203 critica
808 3140 1027 3220 praemittam,
1056 3143 1131 3221 post
1153 3138 1301 3204 Aldinam

178 3249 351 3315 editionem
367 3270 385 3314 e
399 3250 558 3333 pessimae
578 3254 676 3314 notae
697 3249 805 3315 codice
826 3255 902 3334 post
924 3250 1075 3328 Quintum
1091 3250 1301 3335 Smyrnaeum

178 3359 246 3424 sine
269 3360 398 3424 adiecta
420 3360 495 3424 anni
516 3365 594 3425 nota
624 3361 830 3443 impressam,
860 3381 942 3445 quae
971 3361 1014 3426 ab
1042 3360 1113 3425 aliis
1143 3359 1238 3424 aliter
1258 3361 1302 3426 ad

50 3546 54 3551 ⁵
177 3491 296 3534 annum
322 3472 414 3550 1504,
440 3473 521 3536 1505
543 3470 641 3535 immo
659 3473 739 3536 1521
764 3470 912 3550 refertur,
935 3472 1057 3554 primus
1081 3470 1248 3536 Brodaeus
1268 3471 1301 3561 in

180 3580 468 3647 »Annotatiouibus
482 3581 514 3645 in
530 3580 657 3646 Ooluthi
669 3581 812 3647 Thebani
828 3581 869 3646 de
887 3583 995 3663 Raptu
1006 3580 1147 3646 Helenae
1163 3580 1295 3646 librum«

176 3690 348 3775 (Basileae,
370 3714 430 3776 per
448 3695 599 3759 Ioannem
614 3693 921 3778 Hervagium'lbbt)
944 3692 1100 3759 nonnulos
1122 3692 1209 3757 locos
1232 3691 1300 3756 feli·

177 3802 260 3867 citer·
279 3804 425 3884 correxit,
447 3804 527 3868 alios
549 3808 670 3869 temere
697 3804 852 3884 mutavit,
882 3823 998 3886 parum
1027 3801 1060 3866 in
1086 3803 1147 3866 hoo
1172 3802 1299 3883 negotio

175 3911 305 3977 adiutus
321 3933 342 3977 a
358 3913 502 3979 versione
516 3914 618 3978 latina
633 3914 759 3979 Eobani
774 3915 868 3979 Hessi
883 3913 1205 3997 (Erphurdiae1533)
1221 3913 1299 3977 satis

174 4023 284 4106 inepta
316 4025 417 4107 (cuius
445 4028 570 4090 textum
599 4045 749 4109 maecum
774 4025 794 4088 t
820 4024 927 4089 littera
954 4024 1093 4107 notavi),
1126 4027 1159 4087 et
1185 4020 1299 4088 Jodoci
