3108 4662
619 329 830 392 ,75-

160 516 287 586 taverit,
312 519 345 572 ut
364 520 487 587 poneret
506 530 604 573 vocem
626 530 700 585 quae
721 519 856 572 accurate
875 515 982 573 nomini
1002 512 1074 591 τομή
1098 516 1290 587 responderet

163 609 291 679 itemque
312 609 454 665 actionem
476 605 661 679 significaret,
684 623 785 665 vereor
805 623 842 664 ne
862 624 926 665 oum
948 607 1062 667 Graefio
1084 608 1235 666 dicendum
1250 611 1288 666 sit

163 702 392 762 emendationem
403 703 497 760 locum
509 718 657 773 respuere.
672 707 704 759 at
717 701 812 773 potuit
826 706 915 772 poeta
927 703 1147 771 instrumentum
1161 700 1287 759 ferreum
1324 712 1331 724 “

164 796 312 854 nominare
333 795 409 866 quod
429 797 458 852 in
480 811 543 852 eam
563 811 624 852 rem
645 811 727 851 nsum
741 795 849 852 habeat
863 811 972 866 suaque
986 793 1195 867 significatione
1211 796 1286 852 ultro

164 889 308 946 actionem
332 889 441 949 indicet
467 889 580 959 qualem
605 887 652 944 hic
677 895 871 960 expectamus.
906 905 963 960 qua
989 888 1112 961 probata
1144 888 1288 945 sententia

163 982 262 1054 plures
283 981 357 1039 adeo
371 986 481 1057 ¹patent
501 981 674 1038 emendandi
696 983 769 1053 viae,
791 981 842 1039 sed
862 983 941 1040 nulla
955 980 1067 1040 facilior
1082 986 1112 1038 et
1126 982 1289 1054 expeditior

164 1090 251 1146 qnam
276 1081 309 1131 ut
334 1074 478 1132 scribatur
502 1071 577 1130 ἀλλά
606 1073 733 1151 σιδηρείη
759 1093 794 1130 σε
819 1071 890 1150 τομη
916 1073 964 1129 καί
985 1073 1069 1151 ῥῖνα
1094 1073 1213 1150 σιδήρου
1239 1094 1290 1130 πα-

163 1164 267 1244 τρῴων
284 1164 442 1244 ἀλόχευτον
457 1165 709 1242 ἀπεβλάστησε
722 1164 853 1242 καρήνων
868 1172 945 1237 (nam
960 1166 1171 1244 ἀνεβλάστησε
1187 1168 1287 1238 utique

164 1260 364 1333 corrigendum
378 1259 455 1330 fuit).
486 1260 552 1318 Etsi
566 1267 663 1318 autem
678 1260 760 1316 lima
774 1259 879 1318 Atticis
895 1267 940 1317 est
949 1258 1043 1336 ῥίνη,
1063 1267 1177 1318 constat
1193 1266 1289 1317 tamen

164 1354 309 1433 Moeridis
330 1354 495 1412 testimonio
517 1354 604 1410 etiam
626 1351 692 1429 ρῖνα
718 1353 747 1409 in
772 1369 825 1410 usu
850 1351 952 1424 fuisse,
979 1358 1011 1410 ut
1035 1354 1148 1411 variant
1172 1356 1235 1409 πῖνα
1261 1361 1291 1410 et

162 1444 232 1523 πίνη,
254 1445 317 1503 δῖνα
339 1451 368 1504 et
388 1444 457 1522 δίνη,
476 1444 562 1519 ιι9οἶνα
583 1451 612 1502 et
633 1443 737 1521 θοίνη,
749 1449 829 1501 πεῖνα
850 1453 880 1502 et
899 1443 984 1521 πείνη,
1005 1441 1114 1521 πρύμνα
1135 1453 1165 1503 et
1183 1443 1290 1523 πρύμνη

165 1541 231 1597 alia.
266 1539 323 1598 Gir.
343 1539 463 1597 Lobeck
483 1538 521 1596 ad
540 1539 646 1611 Phryn.
667 1556 695 1611 p.
711 1545 777 1610 331,
798 1539 864 1610 437,
885 1545 940 1596 489
963 1545 992 1594 et
1005 1538 1141 1596 Meineke
1161 1539 1296 1596 Exercih

164 1633 264 1704 philol.
284 1634 315 1689 in
334 1632 466 1690 Athenl
485 1650 513 1704 p.
529 1639 565 1690 28
586 1638 616 1689 et
635 1632 664 1688 ΙΙ
683 1648 712 1703 p.
726 1637 774 1688 4«.
815 1630 873 1688 Gur
893 1628 1096 1707 ἀπεβλάστησε
1116 1632 1289 1704 praetulerit

165 1725 334 1796 Schneider,
354 1742 411 1783 non
431 1725 529 1795 vide03
550 1725 586 1781 da
608 1725 759 1782 transitivo
781 1723 860 1781 verbi
882 1720 1071 1798 ἀναβλαστέω
1093 1725 1202 1796 [potius
1223 1723 1289 1781 ἀνα-

161 1816 334 1890 βλαοτάνω]
355 1834 409 1874 usu
430 1816 561 1875 Graefius
581 1834 608 1889 p.
625 1820 679 1874 247
701 1814 824 1874 conferri
845 1816 925 1872 iubet
944 1818 1119 1888 interpretes
1142 1817 1180 1874 ad
1202 1817 1288 1889 Soph.

7 1956 8 1993 ³
121 1898 123 1901 ’
163 1912 243 1968 niae.
258 1918 304 1968 ιο.
325 1942 363 1951 -
384 1908 441 1967 183
461 1908 612 1985 πατρωίων
632 1906 883 1979 noturnsw
904 1912 1013 1977 (omnes
1036 1909 1107 1966 dett.
1122 1917 1154 1967 ut
1168 1911 1236 1981 viu.)
1260 1916 1289 1967 or

164 2003 229 2061 edd.
248 2009 314 2061 ante
330 2002 516 2076 Stephanum,
536 2004 591 2059 nisi
606 2003 683 2074 quod
702 1998 844 2078 πατρώϊον
858 2022 884 2061 a.
902 2034 931 2041 ·-
957 2000 1112 2079 ἀνόχευτον
1128 2004 1161 2073 G,
1184 2000 1289 2081 ἀλύχη·

165 2115 213 2153 τον
227 2098 265 2169 Q3
279 2128 316 2139 -
338 2094 396 2154 184
416 2099 463 2151 οἷα
476 2096 522 2167 Μ;
541 2095 685 2173 χαλκίοισι
700 2097 738 2168 Q3
758 2093 942 2172 καλυψαμενη
961 2114 1049 2172 χρεια
1069 2097 1183 2160 πεπλοις
1197 2097 1238 2153 Μ.
1253 2128 1285 2137 -

165 2221 222 2281 185
243 2219 361 2299 φεύγοις
373 2223 541 2295 ALNQR3
563 2219 652 2298 ἀρεος
664 2224 706 2292 Μ,
722 2185 819 2298 ἀρειύς
834 2225 872 2294 Q3
892 2242 965 2300 εργα
978 2223 1025 2294 Μ;
1041 2256 1073 2264 -
1091 2221 1149 2280 186
1169 2222 1289 2296 Lennep

165 2323 279 2374 secutus
301 2316 337 2373 ab
358 2316 492 2374 Harlesio
514 2314 650 2392 ἁρμονίης
672 2313 702 2372 δ’
722 2313 881 2384 ἀδίδακτος
902 2322 1040 2393 scriptum
1067 2335 1131 2376 esse
1153 2319 1239 2376 etiam
1260 2318 1289 2374 in

164 2410 251 2482 PQV
271 2409 344 2469 falso
365 2417 471 2483 putans
492 2414 570 2479 (nam
596 2412 734 2468 omittunt
758 2413 930 2483 particulam
951 2413 1033 2471 codd.
1054 2429 1152 2470 omues
1174 2418 1203 2470 et
1224 2411 1289 2469 cdd.

164 2508 230 2561 ante
254 2503 443 2575 Stephanum)
469 2511 535 2575 post
561 2500 678 2567 διώκεις
700 2521 724 2560 ν.
748 2512 800 2562 188
822 2507 1020 2578 interrogandi
1047 2508 1157 2578 signum
1184 2505 1288 2578 posuit,

163 2602 229 2668 post
253 2591 389 2672 ἀδαήμων
415 2615 440 2654 ν.
463 2604 517 2654 186
544 2603 680 2669 punctum
708 2599 824 2654 sustulit
850 2605 879 2656 et
904 2616 947 2656 vv.
970 2606 1032 2657 186.
1061 2602 1115 2656 187
1143 2599 1288 2656 coniunxit

164 2691 248 2746 simul
264 2687 409 2765 Ἁρμονίης
429 2694 459 2747 et
474 2687 689 2766 ’θμοφροσύνης
713 2696 858 2761 tamquam
883 2693 1002 2764 propria
1028 2692 1146 2749 dearum
1172 2693 1287 2749 nomina

164 2783 356 2854 imprimenda
376 2799 493 2854 curans,
515 2788 589 2841 et‘v.
607 2785 660 2842 rat
681 2801 734 2855 pro
751 2780 863 2862 Ἀθῆναι
882 2781 990 2841 ἐκεῖναι
1010 2786 1153 2843 coniciens
1175 2785 1212 2842 ad
1228 2782 1289 2860 ‘Ap-

160 2875 259 2952 μονίην
276 2877 310 2933 'et
324 2873 539 2953 ‘Opoppoodnpr
559 2876 751 2934 referendum.
783 2879 887 2936 Fusius
908 2878 1016 2936 refellit
1029 2880 1102 2937 haec
1117 2881 1217 2952 Iulien,
1241 2880 1290 2950 qui

167 2973 268 3027 contra
282 2969 423 3042 Lennepii
438 2970 631 3029 coniecturam
644 2972 699 3029 hoc
712 2973 885 3043 praesertim
905 2974 1012 3045 attulit,
1033 2974 1109 3044 qnod
1129 2990 1185 3032 non
1206 2974 1290 3031 licuit

165 3060 274 3120 Veneri
301 3063 421 3120 victoria
447 3061 602 3119 exsultanti
627 3070 656 3120 et
681 3065 710 3120 in
731 3064 891 3123 Minervam
918 3066 1041 3138 superbe
1067 3066 1212 3124 invehenti
1238 3068 1289 3124 im-

164 3156 285 3214 becillas
306 3171 409 3213 vocare
429 3155 616 3213 Harmoniam
637 3163 667 3214 et
688 3156 885 3229 Concordiam,
911 3174 982 3229 quas
1009 3159 1091 3216 nihili
1117 3158 1213 3218 iacere
1234 3160 1290 3216 Mi·

162 3266 268 3307 nervae
283 3249 441 3322 opprobrio
463 3249 560 3305 vertit.
574 3280 612 3289 -
633 3248 767 3325 αρμονίης
780 3251 823 3319 Μ,
844 3247 909 3327 ἀρμ.
927 3250 956 3310 O.
978 3250 1087 3315 δακτος
1103 3284 1137 3292 --
1153 3247 1287 3327 ἀδαήμων

163 3343 230 3401 add.
251 3343 283 3399 M
304 3351 320 3401 3
345 3343 376 3399 in
395 3342 443 3413 M;
468 3374 506 3383 -
532 3339 588 3399 187
610 3337 639 3396 δ’
665 3342 821 3400 Schneider
848 3360 883 3401 ex
908 3344 1086 3415 coniectura,
1113 3360 1197 3414 quam
1223 3344 1289 3402 vide

167 3452 264 3507 supra,
286 3436 413 3506 addidit3
434 3436 481 3494 vix
500 3443 593 3507 recte,
618 3452 682 3493 cum
703 3432 902 3511 ἀγνώσσεις
922 3434 978 3493 ὅτι
998 3432 1104 3513 Κύπρις
1124 3432 1290 3509 ἀπόστορός

163 3525 226 3585 ἐστι
245 3526 398 3605 θαλάσσης
417 3529 533 3601 legatur
553 3530 632 3602 apud
651 3531 803 3588 Musaeum
823 3547 849 3589 v.
870 3537 935 3589 249.
966 3549 1107 3607 αηνωσεις
1126 3531 1172 3603 Μ,
1199 3526 1288 3606 ἀρώ-

164 3639 225 3686 σεις
246 3623 287 3694 Q3
305 3621 412 3696 μάλλον
432 3619 689 3680 ἀναλκοδεσσεισιν
708 3624 754 3694 Μ;
775 3619 879 3700 ἀύῆναι
898 3625 970 3697 MV,
994 3625 1013 3683 S
1034 3625 1063 3680 in
1084 3641 1189 3696 marg,
1216 3625 1239 3682 P
1260 3626 1289 3683 in

163 3764 254 3820 marg.
269 3765 287 3806 a
300 3764 337 3804 m.
353 3757 389 3822 2,
411 3714 520 3827 ἀύῆναιη
528 3750 574 3820 W,
595 3747 684 3827 ἀδηνη
705 3749 780 3808 AGL
802 3751 861 3820 (hie
881 3767 942 3808 cum
964 3752 1062 3823 glossa
1082 3747 1107 3806 ὧ
1130 3752 1289 3810 vocativum

162 3840 346 3914 designante)
361 3843 418 3915 ΝΩ
434 3850 464 3901 et
479 3843 527 3902 SP
548 3844 577 3900 in
597 3848 692 3914 textu3
713 3842 789 3900 idem
810 3843 918 3901 habent
938 3844 1003 3902 edd.
1025 3849 1092 3901 ante
1113 3844 1287 3918 Behherum,

162 3939 194 3992 et
214 3935 301 3992 etiam
316 3935 350 4008 G,
374 3941 407 3995 ut
425 3937 548 3995 videtur.
588 3936 633 3994 De
651 3937 706 3995 hoc
725 3952 810 3994 versu
831 3937 872 3994 sic
891 3935 1022 3994 Graefius
1042 3954 1070 4009 p.
1086 3942 1155 3996 247:
1189 3939 1289 4011 »Quod

162 4027 230 4085 olim
261 4028 402 4088 edebatur
418 4026 516 4107 Ἀδηνη
540 4045 634 4102 neque
659 4031 832 4088 nominativo
853 4045 946 4102 neque
972 4031 1102 4089 vocativo
1129 4032 1289 4089 sententiae
