3108 4662
552 369 823 437 2-69-

153 552 231 611 ierre
251 570 308 612 non
329 553 501 625 potnitnisi
522 554 615 612 altero
636 552 674 611 cd
695 554 817 612 alterum
836 554 946 626 relato,
971 560 1004 611 ut
1028 557 1142 613 constat
1167 553 1279 633 όίοἰγή

149 642 320 722 βαύύγεως,
344 643 426 722 γένος
439 644 638 722 ἀρσενογενές,
657 644 825 702 πολύπλανοι
837 644 947 716 πλάναι,
966 641 1086 722 ἄγγελον
1093 638 1159 722 Ἶριν
1173 640 1279 722 ἔπεμπε

155 736 332 812 δοσάγγελον
360 739 465 808 (Noun.
490 739 682 811 Dionysio,
711 741 793 810 184),
824 732 935 814 ἔκρνφε
962 737 1056 794 πᾶσαν
1087 734 1278 816 όβακχεύτων

152 830 242 909 στίχα
258 829 383 909 Βάκχων
398 831 449 902 (id.
466 839 510 903 23,
533 832 611 914 254),
633 832 691 889 alia
712 831 741 888 id
763 847 853 903 genus
875 831 1011 910 plurima:
1033 829 1069 888 ci.
1083 830 1210 890 Lobeclr.
1223 832 1279 891 Pa-

151 926 236 996 ralip.
258 942 286 997 p.
308 932 364 985 366
387 930 416 983 ot
442 932 525 983 536«.
566 923 624 983 Sed
649 926 675 981 si
700 920 784 980 ἑανοῦ
807 918 992 997 βαθύκολπον
1019 921 1124 980 κόλπον
1148 920 1182 988 ἐς
1205 922 1278 1002 ήέρα

153 1015 306 1096 ώνγγώρήσε
321 1018 497 1089 iungendum
512 1024 597 1088 esset,
618 1014 794 1093 γυμνώσασα
814 1032 869 1087 quo
889 1014 1048 1074 referretur
1067 1033 1124 1076 non
1142 1017 1277 1091 haberet3

153 1107 204 1169 cfr.
225 1111 311 1168 etiam
332 1117 430 1169 v.158
451 1109 560 1188 στήύος
580 1107 652 1168 ἅπαν
678 1107 823 1186 γύμνωσε,
849 1126 905 1182 quo
927 1108 1031 1167 κόλπον
1053 1115 1083 1169 et
1102 1107 1277 1191 γρμνώσασα

153 1210 252 1263 nostro
283 1205 346 1262 loeo
375 1203 550 1275 iungendum
577 1220 640 1262 esse
665 1203 812 1276 probatur.
859 1202 930 1261 Oum
955 1203 1022 1260 olim
1048 1208 1187 1262 commate
1211 1209 1278 1277 post

149 1293 224 1373 ήέρα
245 1302 275 1354 et
295 1295 398 1353 κόλπον
419 1298 517 1356 deleto
544 1314 578 1355 ac
603 1303 670 1370 post
696 1295 869 1373 γυμνώσασα
896 1297 992 1370 posito
1018 1297 1192 1370 interpretes
1215 1312 1278 1355 ver-

151 1390 247 1447 termt
269 1391 354 1463 »Ipsa
373 1406 441 1449 vero
455 1391 572 1464 peplum
592 1391 739 1449 sinuosum
758 1391 787 1446 in
807 1405 875 1448 aere
896 1390 1053 1461 denudans,
1073 1389 1170 1447 Venus
1185 1390 1277 1447 sinum

153 1483 302 1555 sustulit«,
335 1482 479 1541 Ruhnken
503 1488 533 1541 et
556 1482 675 1555 Leunep
702 1484 796 1541 secuti
818 1500 836 1541 a
858 1483 977 1553 reliquis
1005 1482 1163 1543 editoribus
1189 1483 1277 1541 inter·

149 1576 336 1647 punctionem
356 1580 551 1634 correxerunt.
582 1594 692 1652 εσήερα
708 1576 754 1647 Μ;
777 1608 809 1617 -
832 1572 891 1632 156
912 1572 1063 1652 ἀνήώρήσε
1084 1579 1113 1633 et
1131 1573 1276 1651 ήδεσσατο

150 1701 198 1773 M,
223 1699 348 1778 ήδέσατο
370 1704 407 1775 Q,
435 1667 562 1780 ,sidedera
582 1703 615 1774 S;
637 1735 672 1744 -
694 1699 751 1760 16⁷
769 1720 847 1779 γειρν
867 1700 901 1758 δε
921 1708 952 1760 et
970 1699 1090 1777 ἐρώτων
1104 1703 1150 1773 Μ;
1171 1700 1276 1778 δεσμόν

153 1801 185 1853 ut
197 1797 356 1867 scripserat
367 1797 424 1853 iam
434 1796 546 1855 Ubelus
559 1796 781 1865 conieceratque
790 1793 946 1867 Perdrier,
963 1811 999 1853 cx
1008 1795 1041 1852 M
1051 1811 1147 1868 recep.
1159 1795 1277 1854 Belrker

151 1893 270 1960 etpost
291 1905 356 1946 enm
378 1888 505 1947 editores
530 1892 648 1961 praeter
667 1886 784 1958 Lehrs.;
810 1886 986 1946 deteriorum
1011 1888 1141 1946 codicum
1162 1892 1192 1946 et
1210 1889 1276 1946 reli·

151 1996 273 2051 quarum
294 1984 453 2043 editionum
475 1984 626 2042 lectionem
651 1979 760 2056 θεσμόν
780 1981 838 2050 (cui
857 1978 942 2055 νόμον
961 1981 1060 2053 glossa
1078 1982 1276 2053 suprascripta

153 2077 241 2133 estin
257 2076 291 2148 G)
312 2079 389 2136 tueri
408 2077 517 2135 frustra
537 2081 656 2135 conatus
676 2080 722 2133 est
734 2074 853 2146 Lennep
866 2075 897 2131 in
909 2073 1222 2132 Animadversionibus.
1237 2105 1274 2116 -

153 2165 211 2227 168
232 2188 363 2244 γύμνωσε
382 2170 430 2241 Μ;
452 2166 594 2245 ἐμνήσατο
614 2167 697 2226 codd.
718 2183 815 2225 omnes
836 2171 965 2240 (praeter
986 2167 1020 2238 G,
1041 2167 1090 2238 qui
1110 2163 1273 2244 ἀμνήσατα)

142 2260 184 2319 'et
205 2261 271 2321 edu.
291 2268 410 2334 praeter
429 2262 511 2320 Porti
532 2268 561 2319 et
580 2261 693 2327 Iuliani,
714 2260 763 2331 qui
783 2255 942 2337 ἀμνήσατο.
981 2259 1021 2317 Et
1041 2254 1201 2338 ἂμνήσατο,
1220 2274 1273 2332 pro

156 2370 211 2425 quo
232 2355 325 2412 Inlien
345 2356 374 2411 in
394 2356 470 2413 notis
492 2372 520 2426 p.
537 2361 591 2413 100
612 2353 708 2426 potius
728 2349 872 2430 ήμνήσατο
898 2351 1079 2409 scribendum
1105 2367 1169 2410 esse
1194 2352 1274 2425 vidit,

151 2445 291 2504 vertendo
315 2451 519 2518 expresserunt
531 2446 662 2518 plerique
675 2445 859 2516 interpretes.
889 2443 986 2501 Etiam
1000 2443 1133 2516 Leunep:
1156 2460 1274 2503 »sensus

156 2540 215 2597 tale
239 2539 308 2610 quid
330 2538 492 2610 efflagitare
512 2538 604 2595 videri
623 2544 724 2610 posset
748 2535 964 2607 quodammodo.
1004 2536 1049 2594 De
1075 2538 1152 2596 vocis
1177 2544 1273 2596 temen

150 2632 281 2691 bonitate
301 2632 488 2690 vehementer
507 2630 655 2688 addubito.
698 2630 794 2700 Quare
819 2629 968 2687 meliorem
987 2628 1062 2686 viam
1087 2630 1274 2690 instituerunt

150 2724 315 2793 Brodaeus,
346 2725 391 2782 vir
415 2724 515 2782 doctus
541 2723 579 2780 ad
604 2722 671 2780 Ald.
696 2722 750 2780 Ed.
778 2726 808 2780 et
831 2720 969 2780 Neander
994 2722 1036 2792 [in
1060 2722 1201 2797 margine]
1227 2727 1273 2784 vel

148 2814 320 2896 ἀμελήσατο
348 2818 392 2875 vel
417 2814 576 2896 ἐπελήθετο
602 2821 784 2889 reponentes.
826 2814 910 2886 Quod
930 2815 955 2872 si
975 2821 1103 2874 veterem
1122 2822 1242 2876 consuet
1261 2849 1273 2862 ·

149 2912 246 2970 dinem
272 2916 386 2983 spectes
412 2910 577 2982 mulierum,
602 2915 634 2966 ut
660 2925 694 2968 eo
720 2907 804 2966 citius
830 2909 951 2966 aliorum
977 2909 1087 2969 animos
1112 2907 1272 2984 flecterent,

147 3006 230 3063 sinus
251 3010 281 3062 et
300 3005 480 3077 potissimum
500 3003 668 3062 mammulas
689 3019 756 3060 suas
772 3002 987 3076 denudantium,
1008 3019 1124 3062 sensum
1140 3004 1272 3076 equidem

149 3098 269 3170 vulgato
294 3097 380 3170 longe
405 3097 553 3155 meliorem
578 3095 686 3153 habere
712 3096 857 3156 existimo:
883 3097 997 3155 sivero
1018 3096 1132 3156 Goluthi
1157 3099 1272 3170 genium
1381 3102 1383 3105 ’

151 3197 181 3251 et
201 3190 348 3248 scribendi
368 3206 476 3247 morem
496 3190 642 3261 consulas,
664 3205 846 3264 causaenon
866 3189 986 3246 multum
1007 3190 1077 3263 erit,
1104 3206 1155 3248 cur
1175 3206 1192 3249 a
1212 3193 1271 3249 vul-

148 3291 220 3356 gata
244 3280 387 3361 ἐμνήσατο
414 3282 555 3341 discedas.
596 3282 720 3340 Videtur
744 3297 815 3339 suae
844 3282 949 3339 aetatis
972 3299 1067 3340 mores
1092 3283 1272 3354 potissimum

150 3383 307 3450 spectasse,
329 3393 387 3448 qua
407 3376 544 3436 dedecori
564 3377 697 3447 maximo,
718 3381 751 3435 ut
769 3375 925 3434 hodiedum
947 3376 1043 3448 etiarn,
1064 3374 1226 3448 duceretur,
1246 3378 1271 3435 si

149 3488 206 3543 qua
226 3472 320 3528 sinum
342 3477 371 3529 et
391 3487 529 3534 mammas
550 3470 724 3538 denudaret,
752 3475 784 3526 nt
808 3469 863 3527 hoc
887 3467 972 3526 modo
997 3468 1119 3526 aliorum
1144 3466 1270 3527 favorem

149 3565 205 3623 sibi
232 3558 416 3624 conciliaret
450 3565 551 3624 Talem
576 3563 665 3622 fuisse
691 3563 816 3621 auctoris
841 3567 978 3632 mentem,
1003 3560 1088 3620 modo
1113 3562 1271 3634 inspexerit

148 3673 263 3717 versum
287 3666 340 3718 152
361 3665 390 3718 et
412 3656 501 3718 1535

335 3775 372 3834 ‘H
388 3774 415 3834 δ’
441 3774 525 3835 ἑανὸν
543 3774 729 3851 βαθύκολπον
747 3770 781 3838 ἐς
799 3770 881 3851 isica,
902 3769 1076 3848 γυμνώσασα

342 3867 455 3941 κόλπον,
477 3864 634 3948 α’νρώρήσε·
648 3866 697 3923 καὶ
717 3862 769 3923 ούκ
789 3862 938 3945 ήδέσσατο
958 3862 1074 3941 Κύπρις,

148 3997 198 4068 qui
218 4003 306 4068 neget
326 3997 420 4054 nullus
442 3998 525 4054 erit«.
565 3995 721 4067 vulgatam
740 3995 835 4054 Ncnni
856 3993 986 4065 exemplo
1006 3992 1097 4050 tuitus
1118 3998 1163 4050 est
1183 3992 1270 4051 etiarn

148 4087 277 4162 Bekkor,
299 4090 405 4149 collato
424 4088 510 4148 Dion.
524 4088 594 4147 XXI
616 4095 670 4148 loe
691 4086 739 4144 καλ
759 4083 813 4144 ούκ
832 4081 972 4165 ἐμνήσατο
990 4083 1097 4161 μαζοῦ,
1123 4091 1153 4144 ot
1172 4083 1270 4142 XXIII
