3122 4656
636 367 847 431 ..35-

182 553 342 610 llermanni
356 553 510 625 sententia,
525 553 573 624 qui
593 570 621 625 p.
639 559 673 612 10
688 554 833 626 vulgatam
848 553 1020 626 scripturam
1034 554 1190 613 correctori
1204 553 1303 613 deberi

183 646 255 703 vidit
289 647 358 704 »sed
385 647 422 715 is,
451 653 483 704 ut
510 645 677 719 oportebat,
704 643 905 722 ἐπεσσομένων
930 648 1088 720 scripserat
1114 649 1182 719 [non
1207 646 1303 739 credo]

182 740 259 811 quod
280 740 373 797 estin
394 739 456 798 cod.
479 739 564 798 Goth.
591 741 748 811 [pessimae
767 741 873 815 natael.
912 742 969 800 Pro
995 758 1030 800 ea
1055 758 1124 801 voce
1151 744 1303 816 genuinam

179 833 353 904 scripturam
380 831 462 889 dedit
487 830 550 890 cod.
576 830 649 889 Mut.
672 828 720 888 ἀπ’
749 828 880 907 εὐόδμου.
920 833 965 891 Ea
989 834 1092 892 mirum
1119 840 1163 894 est
1186 832 1242 894 nec'
1259 837 1305 895 lu·

181 926 303 996 danum,
328 924 376 995 qui
396 923 573 982 Nicandrum
593 924 679 983 Ther.
696 933 729 983 11
758 923 914 1001 [Ἀσκροῖος
930 925 1073 1005 μυχάτοιο
1093 924 1306 1006 Μελισσήεντος

137 1016 138 1019 ’
181 1014 225 1075 ἐπ’
250 1014 356 1096 ὄχθαις
371 1016 501 1083 Ἡσίοδος
521 1017 661 1087 κατέλεξε
682 1016 750 1095 παρ’
776 1017 861 1078 ὕδασι
875 1018 1068 1097 Περμησσοῖο]
1089 1023 1208 1094 eiusque
1226 1023 1306 1082 scho-

136 1192 139 1197 ⁴
180 1114 286 1170 liasten
306 1113 439 1170 attulerit
459 1113 500 1189 [p.
517 1120 533 1170 5
556 1113 601 1171 ed.
615 1114 698 1172 Keil:
724 1112 919 1191 Μελισσήεντα
939 1113 975 1172 δέ
992 1136 1062 1193 φησι
1081 1115 1130 1174 τὸν
1150 1115 1235 1175 τύπον
1255 1115 1305 1172 τοῦ

176 1207 338 1277 Ἑλικῶνος,
358 1201 390 1261 ἐν
411 1199 437 1283 ᾧ
457 1202 525 1283 εὗρε
546 1206 600 1271 τὰς
620 1204 749 1275 Μούσας,
771 1205 805 1273 ὃς
824 1204 919 1273 οὕτως
939 1206 1048 1287 ἐκλήθη
1068 1205 1123 1266 ἀπὸ
1137 1192 1307 1274 Μελισσέανς

179 1296 406 1375 βασιλεύσαντος
425 1300 476 1355 τοῦ
498 1298 596 1373 τόπου]
623 1318 677 1359 nec
698 1319 845 1362 censorem
869 1305 930 1361 eius
950 1298 1237 1376 Heidelbergensem,
1257 1317 1306 1376 qui

183 1395 395 1453 adnotationem
416 1394 520 1451 Iuliani
548 1397 725 1466 tractaverit,
747 1398 789 1454 uti
810 1398 936 1455 scivisse.
976 1399 1072 1456 Aliter
1091 1397 1231 1455 vidissent
1250 1395 1306 1453 Me·

184 1485 348 1565 λισσήεντος
367 1487 423 1544 1οοί
444 1489 472 1544 in
492 1488 632 1571 Helicone
652 1506 755 1548 nomen
776 1508 839 1548 esso
860 1493 1035 1563 proprium«.
1076 1493 1215 1552 Probavit
1234 1493 1307 1550 haec

168 1601 170 1604 ’
184 1584 269 1642 etiam
281 1579 439 1639 Schneider
452 1599 480 1653 p.
492 1588 557 1639 422.
574 1613 607 1623 -
624 1578 763 1647 ἐλικῶνος
775 1583 975 1656 MOQQGL,
991 1583 1041 1660 λιχ.
1057 1602 1092 1643 ex
1106 1583 1164 1660 λυχ.
1180 1584 1215 1656 Ο;
1229 1582 1306 1660 οἱχων

183 1677 216 1734 Μ
238 1684 262 1734 1.
290 1673 369 1750 ἄγων
388 1675 421 1732 Μ
442 1683 472 1747 2;
503 1695 595 1754 χορον
614 1676 648 1734 Μ
669 1685 704 1747 1.,
730 1674 821 1753 χορὸν
846 1677 878 1735 Μ
899 1685 931 1749 2;
964 1673 1116 1755 ἦλθεναῑ
1145 1677 1231 1754 ἢλθεν
1255 1677 1306 1751 Μ,

183 1766 255 1847 ἦλθε
276 1768 307 1827 C.
339 1802 372 1809 -
404 1784 457 1828 vv.
478 1766 615 1827 25-26
647 1771 717 1827 olim
746 1775 815 1843 post
839 1788 865 1828 v.
884 1779 921 1829 38
951 1772 1130 1844 legebantur.
1171 1769 1212 1830 25
1236 1768 1307 1850 χρυ-

185 1880 275 1926 σειοις
290 1861 322 1917 Μ
340 1868 364 1918 1.
385 1860 532 1938 χρυσείοις
547 1861 632 1933 M2.;
653 1860 682 1917 δ’
702 1858 848 1938 ἑκάτερθε
858 1863 929 1934 ΙΙΜ;
950 1861 1222 1939 τ1ινασσόμενοςρ;
1242 1863 1308 1920 πλο·

185 1954 286 2043 κάμοις
309 1955 355 2025 Μ,
383 1988 416 1995 -
445 1952 488 2029 26
509 1952 599 2030 κέρσε
619 1953 710 2033 κόμης
735 1952 857 2032 ζεφύρου
871 1956 919 2027 Μ;
945 1955 1124 2031 στιρελίζετο
1147 1957 1220 2028 AQ3
1243 1960 1307 2035 χαΐ-

184 2068 238 2131 τας
257 2049 303 2120 Μ;
330 2048 436 2126 χαίτης
459 2050 521 2109 rell.
542 2050 626 2118 codd.
645 2055 675 2108 et
701 2051 765 2108 edd.
785 2057 852 2123 post
871 2049 1008 2118 Bekker„
1029 2047 1132 2127 χαίτην
1153 2050 1218 2108 edd.
1239 2054 1312 2130 ante

185 2141 311 2199 Bekker.
352 2143 422 2202 Cum
443 2143 589 2201 Bacchum
615 2161 668 2217 per
687 2160 785 2203 vocem
813 2142 924 2220 βότρυς
952 2142 1107 2215 significari
1132 2142 1308 2201 crediderint

184 2237 309 2308 pleriqui
334 2238 426 2295 critici
451 2244 518 2295 ante
546 2226 705 2310 Gladium,
736 2238 856 2311 Lennep
886 2239 917 2296 in
941 2239 1017 2297 notis
1048 2244 1078 2296 et
1104 2237 1134 2294 in
1158 2235 1307 2295 Animadv.

185 2349 213 2403 p.
234 2338 288 2390 116
316 2331 466 2409 χρυσείοις
491 2327 518 2387 δ’
548 2328 688 2408 ἑκάτερθ’
722 2329 953 2407 ἐπινεισσόρενος
983 2329 1154 2406 πλοκάμοισι
1178 2330 1309 2401 coniecit,

186 2424 318 2495 quoniam
347 2441 427 2483 »cum
451 2431 550 2483 noster
574 2425 622 2482 hic
648 2427 750 2497 procul
777 2426 864 2485 dubio
888 2426 1025 2497 voluerit,
1050 2425 1195 2484 Bacchum
1223 2425 1308 2492 etiam

186 2519 266 2590 iuxta
286 2535 348 2576 curn
370 2519 436 2577 aliis
462 2519 517 2577 diis
543 2519 581 2576 ad
600 2517 681 2576 Pelei
709 2525 739 2577 et
759 2518 891 2577 Thetidis
916 2520 1032 2592 nuptias
1055 2517 1215 2591 proiectum
1237 2532 1310 2588 esse,

186 2612 350 2670 necessario
386 2612 504 2669 verbum
535 2610 652 2682 aliquod
681 2616 789 2670 motum
818 2611 980 2683 significans
1012 2610 1194 2669 desideratur
1216 2653 1222 2666 .
1244 2652 1252 2666 .
1274 2651 1310 2669 ..

186 2705 327 2762 Praetera
345 2702 464 2779 βότρυς,
489 2705 544 2776 vel,
564 2709 597 2761 ut
616 2710 697 2763 recte
717 2705 784 2762 clar.
816 2704 963 2764 D’Orville
984 2705 1126 2777 emendat,
1145 2700 1263 2778 βότρυν,
1284 2704 1308 2760 si

186 2800 244 2855 iam
264 2814 327 2855 cum
346 2799 448 2874 χαίτην
468 2799 581 2870 iungas,
603 2796 689 2856 facile
711 2798 803 2870 liquet
816 2800 888 2856 illud
906 2799 1009 2876 χαίτην
1029 2801 1058 2857 in
1075 2799 1181 2878 χαίτης
1200 2800 1311 2853 mutan-

187 2891 264 2962 dum,
276 2889 514 2962 quemadmodum
527 2890 555 2946 in
570 2897 694 2962 quatuor
708 2892 855 2949 minimum
866 2892 1019 2952 (lodicibus
1035 2899 1212 2951 exaratum«.
1232 2889 1312 2947 Idem

185 2983 305 3057 Lennep
325 2988 404 3042 recte
430 2983 573 3041 intellexit
599 2985 650 3043 hos
677 3001 778 3042 versus
799 2984 915 3043 aliunde
940 2986 970 3042 in
997 2987 1090 3044 locum
1117 2999 1202 3056 quem
1226 2998 1309 3041 occu·

187 3077 306 3150 pabaut,
326 3077 423 3134 illatos
445 3091 522 3133 esse:
545 3075 705 3148 »Loquitur
722 3076 906 3152 [Oolluthns]
922 3076 959 3136 de
975 3078 1076 3151 Eride,
1093 3094 1178 3149 qnam
1194 3092 1212 3133 a
1226 3076 1314 3134 Peleo

188 3177 361 3230 contemtam
381 3169 468 3227 canit.
508 3169 612 3226 Nullae
634 3170 731 3240 itaque
757 3170 804 3227 hic
824 3169 939 3229 Baccho
965 3176 1073 3242 partes.
1112 3169 1154 3228 Ut
1173 3169 1250 3226 male
1270 3166 1313 3225 di-

188 3265 279 3335 vulsa,
300 3280 432 3336 quaeque
452 3265 626 3323 coniunctim
647 3263 807 3322 acolutho
831 3265 940 3337 scripta
959 3263 1087 3335 fueraut,
1112 3262 1142 3320 in
1162 3261 1314 3335 pristinum

189 3357 318 3417 ordinem
337 3358 524 3430 redigantur,
548 3358 609 3416 bini
636 3357 666 3414 hi
687 3355 724 3415 de
751 3356 866 3414 Baccho
895 3356 1029 3413 versiculi
1053 3354 1091 3413 ad
1110 3352 1316 3426 praecedentia

189 3451 316 3523 migrare
345 3451 465 3523 debent,
496 3453 546 3511 ubi
573 3452 634 3510 sive
663 3455 731 3523 poet
759 3466 873 3508 versum
895 3451 931 3508 21
957 3449 1018 3507 sive
1043 3452 1111 3522 post
1134 3462 1248 3504 versum
1269 3453 1315 3504 31.

190 3559 243 3601 seu
267 3561 293 3599 v.
310 3551 345 3602 33
379 3545 556 3603 collocentur
580 3561 682 3617 parurn
705 3544 804 3602 refert.
844 3544 961 3602 Interea
985 3558 1036 3601 our
1060 3558 1078 3601 a
1102 3541 1204 3601 summi
1228 3538 1317 3599 D‘Or·

190 3635 264 3693 villii
291 3636 385 3706 (cuius
411 3652 552 3695 consensu
578 3636 647 3692 mihi
672 3636 814 3707 gratulor)
845 3642 913 3709 post
936 3652 1048 3695 versum
1070 3642 1116 3694 33.
1147 3634 1314 3694 collocantis

194 3731 339 3788 sententia
359 3728 541 3788 discedamus
561 3744 650 3786 causa
669 3728 749 3785 nulla
769 3734 823 3785 est.
858 3729 955 3786 Verba
974 3730 1029 3786 viri
1049 3729 1119 3787 clar.
1139 3734 1221 3786 sunt:
1237 3770 1244 3785 .
1259 3774 1267 3788 .
1283 3769 1315 3783 ..

190 3823 315 3882 hiduo
335 3840 460 3881 versus
481 3821 676 3880 deBaccho
695 3820 874 3879 collocari
895 3821 968 3879 alio
988 3821 1066 3879 loco
1087 3826 1124 3879 et
1142 3819 1318 3879 commode

191 3924 274 3989 post
298 3934 441 3976 versum
462 3925 498 3975 33
530 3915 691 3974 debent«.
730 3914 837 3972 Melius
864 3913 989 3986 Iuliano,
1015 3915 1064 3986 qui
1088 3914 1141 3972 hos
1165 3929 1265 3970 versus
1288 3912 1318 3967 in

192 4012 317 4084 pristina
337 4010 407 4069 sede
428 4027 446 4068 a
465 4026 497 4068 se
518 4010 648 4067 relictos:
677 4008 806 4066 »Aureos
827 4023 894 4065 vero
915 4008 1049 4079 utrinque
1070 4007 1196 4078 agitatus
1217 4020 1317 4063 secun·

195 4104 263 4161 durn
283 4105 428 4163 cincinnos
449 4103 592 4161 Racemus
618 4117 716 4159 comae
737 4102 867 4158 intonsae
888 4101 919 4173 (i.
940 4118 965 4160 e.
985 4119 1067 4161 coma
1086 4101 1211 4168 intonsa)
1233 4103 1318 4155 vento

1085 4192 1117 4243 3*
