3108 4662
635 277 867 340 -119-

189 463 304 542 κεράων
324 470 405 524 recte
426 461 455 521 δ’
474 464 607 531 inseruit,
627 467 658 521 et
678 461 790 538 κόσμος
809 480 862 535 pro
877 462 980 540 κόσμῳ
995 463 1069 535 er
1089 465 1210 537 recepit,
1230 480 1315 539 prae-

188 566 271 618 terea
293 557 340 616 νῦν
360 576 413 632 pro
433 555 490 628 νύξ,
512 558 697 617 anacoluthia
716 557 907 629 intolerabili,
932 563 972 616 nt*
984 564 1065 617 recte
1085 559 1195 617 monuit
1214 574 1317 617 censor

190 654 401 726 Gottingensia
423 658 452 711 ct
471 649 532 730 duic
552 648 694 729 ἐρχομένη
716 651 741 723 Q
761 651 865 709 librum
891 655 1007 710 secutus
1029 651 1137 724 edidit3
1162 658 1318 725 praeterea

191 747 238 805 vel
260 743 404 824 μετήορον
431 745 637 803 adverbialiter
660 745 786 817 positum
813 745 854 815 (in
879 744 1013 815 sublime)
1041 745 1086 803 vel
1109 742 1317 824 μετήορσςαᾱ

190 837 254 918 ἠὼς
274 839 473 912 referendum,
502 844 531 897 et
550 855 604 911 pro
625 832 739 895 ὤπασεν
760 836 876 894 ἵππασεν
897 837 1079 895 scribendum
1101 854 1165 896 esse
1185 839 1317 898 coniecit

191 933 310 992 Belrlrer
324 951 342 992 a
354 935 473 1006 vulgata
486 934 630 1005 scriptura
643 949 700 991 non
713 931 843 1003 recessit,
862 932 917 989 nisi
931 931 1008 1003 quod
1023 928 1066 1008 ἠῶ
1081 926 1243 1008 ἀρχομένην
1257 932 1318 990 edi·

192 1027 244 1085 dit.
277 1027 386 1087 Censor
401 1027 599 1099 Gottingensis
620 1019 711 1083 ὤπασ’
732 1021 766 1089 ἐς
785 1021 828 1102 ἠῶ
848 1020 1008 1102 ἐρχομένην
1029 1025 1074 1083 vel
1094 1031 1214 1098 propter
1233 1027 1317 1084 vitio·

193 1137 255 1179 sam
276 1121 423 1180 elisionem
443 1122 568 1193 pessime
589 1120 725 1192 coniecit,
746 1119 886 1178 Helenam
912 1119 949 1177 ad
970 1136 1093 1192 sequens
1119 1135 1204 1179 mane
1225 1120 1314 1178 auda·

191 1216 299 1275 olorem
320 1212 483 1291 (μετήορον)
501 1213 608 1273 factam
629 1229 692 1272 esse
713 1214 820 1273 volens.
850 1213 923 1271 Tum
944 1212 1074 1272 Graehus
1094 1232 1121 1287 p.
1144 1220 1214 1272 255:
1238 1213 1314 1272 »Ad-

192 1311 308 1370 modum
329 1310 455 1369 ieiunnm
481 1316 526 1368 est
551 1306 601 1377 νὺξ
620 1304 734 1366 ὤπασεν
759 1306 803 1386 ἠῶ
829 1308 874 1366 vel
895 1307 1028 1368 Collutho
1052 1307 1201 1381 indignum
1226 1300 1322 1379 [quod-

191 1411 324 1463 eenserat
343 1405 432 1462 etiam
446 1402 591 1476 Lennep],
611 1403 697 1475 paulo
718 1403 820 1460 melius
841 1407 920 1459 esset
940 1395 1070 1458 ὤπλισεν.
1101 1401 1208 1460 Verum
1228 1400 1316 1459 lectio

191 1497 261 1557 Ood.
282 1497 324 1554 M.
350 1514 414 1555 cum
435 1497 561 1567 antiquis
583 1493 648 1553 edd.
674 1499 855 1566 comparata,
880 1492 966 1563 iecit,
991 1500 1023 1551 ut
1047 1493 1208 1567 legendum·
1222 1494 1314 1567 suspi-

190 1607 288 1649 cerer:

344 1725 395 1798 νὺξ
412 1726 455 1803 δέ,
475 1728 568 1787 πόνων
588 1727 724 1806 ἄμπαυμα
741 1726 804 1803 μετ’
824 1724 930 1805 ἠελίοιο
951 1726 1120 1801 κελεύθους,

346 1820 430 1882 ὕπνον
450 1822 662 1901 έλαφρίζεσκε
682 1821 858 1901 παρῄορον·
879 1816 997 1898 αῶχασε
1018 1822 1049 1878 δ’
1070 1819 1131 1900 ἠὼς

344 1915 499 1997 doronem·

190 2064 372 2136 Exquisitam
391 2065 458 2121 lect.
476 2062 545 2123 (lod.
559 2064 592 2122 M
605 2058 688 2123 ὕπνον
706 2062 862 2141 παρῄορον,
883 2079 1020 2131 somnum,
1041 2062 1134 2121 noctis
1154 2062 1267 2122 levem
1288 2069 1318 2121 et

191 2158 307 2217 veluti
322 2157 574 2216 lascivientem
596 2160 769 2228 comitem,
791 2160 905 2217 omnino
919 2155 1141 2231 praeferendum
1156 2156 1315 2215 existimo«

191 2251 339 2308 Hermann
359 2269 387 2323 p.
408 2258 453 2323 21,
475 2267 558 2323 quem
580 2260 697 2311 secutus
718 2257 764 2310 est
782 2251 885 2320 habre,
906 2248 958 2319 νύξ
973 2252 1101 2318 retinuit,
1123 2255 1154 2309 ct
1172 2248 1317 2330 παρῄορον

194 2338 309 2400 ὤπασεν
331 2340 381 2420 ἠοῖ
397 2342 542 2422 ἀρχαμένχ
567 2346 655 2402 scribi
674 2346 771 2413 iussit,
798 2346 866 2417 quia
888 2346 1035 2404 »Helenae
1055 2346 1165 2404 scilicet
1187 2362 1244 2405 nox
1263 2343 1316 2403 sub

192 2454 326 2496 auroram
345 2437 427 2494 dedit
441 2452 568 2495 somnum
582 2439 769 2509 inquietum«
796 2438 954 2497 Praeterea
972 2440 1077 2500 collato
1092 2440 1246 2498 Homerico
1266 2439 1322 2517 illo,

190 2530 278 2609 χάρις
302 2528 330 2586 δ’
357 2527 536 2604 ἀπελάμπετο
565 2529 652 2607 πολλή
680 2532 767 2589 etiam
794 2530 910 2609 κεράων
940 2532 968 2588 δ’
997 2530 1178 2608 ἀπελάμπετο
1205 2531 1316 2609 κόσμος

192 2622 415 2694 commendavit,
440 2623 579 2696 probatus
601 2624 776 2684 Schneidero
801 2644 830 2698 p.
851 2634 921 2699 430,
947 2633 1063 2684 secutus
1084 2643 1102 2684 a
1123 2626 1258 2698 Lehrsio,
1287 2633 1317 2685 et

190 2724 350 2791 praeeunte
376 2724 494 2788 praeter
518 2717 659 2777 Iulianum
686 2719 773 2777 etiam
799 2718 913 2779 Graefio
939 2738 966 2793 p.
995 2727 1060 2780 255.
1092 2753 1127 2763 -
1158 2719 1317 2780 Schneider

190 2829 219 2885 p.
235 2819 290 2871 429
304 2812 334 2867 in
350 2812 524 2869 Mutinensis
544 2812 612 2871 libri
632 2813 782 2885 scripturis
803 2811 1036 2890 ὑποτραρίζοοσα
1057 2821 1086 2872 et
1106 2809 1209 2871 ὤπασα
1229 2808 1260 2869 δ’
1273 2810 1318 2890 ἠῶ

192 2907 265 2965 nibil
283 2909 375 2965 latere
395 2912 476 2964 recte
496 2907 637 2975 iudicans,
656 2909 777 2966 alteram
799 2925 911 2980 quoque
931 2908 1016 2966 huius
1037 2909 1144 2968 codicis
1164 2910 1318 2966 lectionem

191 2998 343 3077 παρήορον,
370 3017 455 3073 quam
473 3002 629 3074 Hermann,
649 3003 780 3062 Helenae
800 3003 900 3061 dicens
919 3010 1033 3062 noctem
1054 3003 1170 3061 dedisse
1188 3017 1317 3061 somnum

190 3095 403 3166 inquietum,
424 3095 565 3167 probavit,
586 3103 665 3154 recte
685 3097 797 3168 reiecit,
817 3112 883 3153 nam
906 3097 959 3154 »de
973 3096 1086 3155 Helena
1102 3099 1175 3155 haec
1193 3095 1318 3167 intelligi

193 3189 320 3247 voluisse
340 3195 456 3261 poetam
475 3204 513 3246 ne
533 3204 588 3245 uno
609 3190 726 3261 quidem
746 3190 833 3248 verbo
854 3190 1010 3248 indicatum
1032 3196 1084 3260 est,
1108 3191 1165 3247 imo
1186 3188 1318 3260 quaeda

191 3281 303 3340 duabus
325 3283 498 3340 somniorum
519 3284 611 3354 portis
632 3299 698 3340 mox
722 3282 857 3340 dicuntur
881 3284 959 3341 clare
985 3282 1090 3341 docent
1110 3283 1167 3354 [ii]
1197 3298 1317 3354 genera·

190 3374 260 3433 liter
279 3375 354 3434 haec
373 3376 469 3435 omnia
490 3391 554 3433 esse
575 3374 653 3433 dicta
673 3375 711 3433 ad
731 3375 915 3434 indicandum
929 3383 1042 3449 tempus
1057 3393 1112 3448 quo
1127 3392 1191 3434 cum
1204 3376 1318 3434 Helena

189 3468 274 3526 Paris
291 3469 372 3527 abiit.
394 3469 553 3527 arctissime
569 3470 643 3527 enim
662 3470 734 3528 haee
748 3487 812 3528 cum
826 3488 851 3527 v.
867 3477 922 3528 322
938 3469 1085 3541 [editionis
1099 3469 1316 3543 Beklrcrianae]

191 3561 358 3633 cohaerent,
382 3568 415 3619 ut
435 3569 503 3620 ante
522 3562 598 3618 hunc
617 3577 731 3618 versum
751 3561 934 3620 incidendum
955 3563 1068 3622 sitnon
1088 3563 1212 3621 maxima
1231 3564 1318 3621 inter·

190 3655 359 3727 punctione,
384 3655 436 3712 sed
462 3655 574 3727 media,
599 3654 676 3726 quod
701 3656 726 3713 si
746 3655 784 3713 ad
804 3671 903 3714 omnes
928 3657 1057 3734 homines
1081 3654 1249 3715 referendus
1271 3661 1317 3715 est

192 3741 282 3811 ὕπνος
302 3748 350 3805 ille
370 3745 529 3824 παρήορος,
554 3754 637 3820 patet
660 3766 718 3807 non
742 3754 841 3821 aptum
863 3765 927 3807 esse
946 3749 1025 3806 istud
1046 3749 1138 3808 somni
1158 3750 1317 3824 epitheton.

189 3856 243 3899 nec
262 3841 355 3912 magis
375 3847 475 3915 aptum
495 3842 554 3900 dici
567 3847 665 3915 potest
675 3840 817 3919 μετήορον
830 3841 882 3900 sed
895 3844 1075 3914 aptissimum
1089 3849 1134 3902 est
1146 3841 1318 3921 παρῆχορον,

191 3935 267 4006 quod
288 3936 477 3994 eMutinensi
496 3937 620 3996 lectione
640 3937 812 3995 eliciendum
831 3941 993 4009 putamus«
1025 3938 1136 4011 Recepi
1154 3939 1231 3998 hanc
1250 3956 1316 3999 con-

189 4030 340 4102 iecturam,
360 4030 413 4088 sed
434 4045 508 4101 quae
526 4037 681 4104 praeterea
694 4032 816 4104 protulit
829 4030 996 4104 Schneider,
1016 4033 1141 4105 probare
1155 4049 1211 4092 non
1225 4034 1316 4105 potui.
