3122 4656
651 325 922 440 ’-10-

334 565 368 632 Ρ
412 563 483 629 cod.
515 562 617 629 Paris.
641 563 727 628 2764
748 563 850 627 chart.
873 582 956 628 saec.
979 561 1039 628 XV
1060 565 1217 644 exeuntis,
1243 564 1382 648 scriptus

256 685 305 749 ἐπὶ
321 683 464 769 Φούσκης
478 682 653 768 κρατούσης
666 681 700 745 id
716 686 765 746 est
787 682 836 744 ἐπὶ
851 679 1062 765 Φουσκαρέως
1081 685 1279 766 κρατοῦντος,
1299 682 1380 749 duee

254 793 463 860 venetiarum
485 791 652 870 Foscario,
682 796 719 856 ut
746 791 886 858 fortasse
906 797 994 857 recte
1016 791 1096 857 vidit
1117 791 1272 859 Tournier
1293 813 1326 877 p.
1348 795 1378 861 8.

253 902 403 970 Dorvillii
424 903 531 985 gratia
553 901 587 966 in
608 900 761 985 Lennepii
783 920 875 967 usum
896 901 1031 968 contulit
1050 901 1206 968 Martinus
1221 902 1379 986 Bouquet,

254 1032 341 1097 quae
363 1011 501 1091 collatio,
524 1012 607 1077 sicut
620 1011 717 1077 etiam
732 1011 851 1078 codicis
865 1012 901 1091 Q,
924 1033 1008 1078 nunc
1029 1013 1113 1078 inter
1128 1012 1326 1078 Dorvilliana
1345 1011 1385 1094 X,

255 1126 286 1202 1,
309 1123 340 1187 3.
364 1126 384 1188 5
407 1127 600 1186 asservatur.

337 1241 375 1318 Q
414 1242 485 1307 cod.
508 1241 610 1306 Paris.
633 1242 724 1307 2600·
739 1242 841 1307 chart.
857 1262 940 1310 saec.
955 1241 1015 1308 XV
1030 1242 1072 1307 ab
1088 1243 1200 1309 eodem
1214 1242 1393 1326 Bouqueto'

253 1359 356 1443 primo
383 1359 534 1441 collatus3
568 1360 660 1424 huius
682 1359 799 1425 codicis
832 1361 915 1426 sicut
944 1362 1042 1426 stiam
1070 1360 1187 1426 codicis
1217 1360 1243 1425 P
1272 1362 1384 1444 imagi·
1501 1454 1503 1459 Ι

256 1489 331 1538 nem
353 1471 433 1536 satis
454 1469 592 1550 fidelem,
622 1472 684 1536 nisi
712 1472 798 1554 quod
826 1479 1040 1538 correctorum
1065 1492 1180 1538 manus
1200 1474 1235 1537 in
1256 1493 1297 1538 ea
1317 1492 1382 1539 non

253 1587 331 1646 sunt
364 1580 550 1661 distinctae,
591 1601 669 1647 suae
702 1581 835 1648 editioni
876 1583 1079 1648 adiciendam
1112 1584 1238 1648 curavit
1271 1582 1384 1649 Iulian.

255 1687 431 1759 (laetorum
458 1691 514 1755 ubi
542 1711 614 1756 mea
643 1691 821 1757 collatio'a
847 1693 990 1776 priorum
1013 1693 1190 1759 editionum
1213 1693 1384 1760 collatione

258 1799 431 1866 ueletiam
454 1822 475 1867 a
504 1802 618 1867 Iuliani
646 1803 795 1868 faosimili
821 1803 908 1886 quod
937 1811 1071 1869 vocatur
1097 1804 1274 1887 discrepat,
1304 1802 1385 1868 mihi

256 1910 325 1977 soli·
338 1911 435 1977 fidem
457 1912 640 1978 habendam
662 1934 731 1979 esse
753 1934 824 1979 meo
847 1915 917 1980 iure
939 1914 1076 1980 affirmo.

337 2032 375 2100 R
413 2031 484 2097 cod.
508 2032 583 2098 olim
603 2033 694 2096 Ehae
715 2031 867 2112 Putschii,
892 2032 1008 2098 deinde
1028 2033 1158 2098 loannis
1180 2032 1304 2097 Alherti
1324 2031 1384 2097 Fa-

257 2148 359 2229 bricii,
382 2151 437 2235 qui
458 2151 491 2216 in
506 2150 589 2215 Bibl.
605 2150 718 2216 Graec.
736 2151 826 2216 Voll
846 2173 879 2234 p.
895 2152 958 2216 303
981 2158 1057 2216 ante
1077 2155 1238 2217 trecentos
1260 2151 1386 2216 circiter

257 2277 358 2324 annos
388 2281 461 2325 eum
489 2262 643 2342 scriptum
674 2281 743 2327 esse
770 2262 881 2327 tradit.
928 2264 1044 2328 Postea
1076 2262 1109 2326 in
1131 2261 1308 2326 Hermauni
1329 2260 1385 2327 Sa-

248 2369 371 2455 muelis
385 2370 527 2436 Reimari
542 2371 795 2453 Hamburgensis
814 2391 927 2436 manus
948 2371 1085 2451 devenit,
1108 2371 1163 2454 qui
1184 2370 1385 2437 collationem
1428 2355 1431 2359 ’

259 2480 339 2544 satis
362 2488 522 2558 accurate,
545 2488 581 2547 ut
602 2482 738 2562 videtur,
761 2481 942 2548 Ruhnkenii
963 2482 1070 2564 gratia
1092 2482 1282 2561 institutam,
1306 2480 1386 2545 Lon-

257 2589 353 2672 nepio
375 2591 542 2656 concessit.
588 2591 651 2657 Ubi
673 2612 756 2657 nunc
777 2592 887 2672 lateat,
911 2595 1027 2659 nescio.

342 2710 368 2779 S
413 2711 484 2776 cod.
506 2709 610 2776 Palat.
632 2712 696 2776 319
724 2711 825 2777 chart.
854 2731 938 2777 saec.
961 2710 1035 2790 XV,
1066 2731 1150 2776 nuno
1171 2711 1205 2775 in
1226 2708 1385 2776 Vaticana

259 2828 462 2896 Bibliotheca
482 2834 682 2910 asservatus3
705 2848 726 2894 a
747 2849 797 2893 me
819 2829 923 2913 primo
946 2828 1091 2916 collatus.

340 2949 377 3016 V
417 2947 518 3016 codex
540 2947 647 3014 nescio
670 2948 743 3030 quis
765 2947 915 3031 (tortasse
929 2966 993 3011 non
1009 2946 1151 3011 diversus
1167 2946 1209 3011 ab
1224 2945 1271 3029 S),
1293 2946 1383 3012 cuius

259 3066 388 3133 collatio
410 3068 443 3131 in
458 3065 658 3132 Bibliotheca
672 3065 877 3148 lugdunensi
898 3066 982 3131 inter
996 3065 1214 3149 manuscripta
1228 3063 1386 3131 Vossiana

257 3175 347 3242 Misc.
373 3178 412 3242 13
441 3177 483 3244 ab
511 3178 616 3244 Isaaci
637 3174 731 3243 Vossi
747 3196 854 3245 ,manu
883 3181 1017 3242 exarata
1039 3182 1146 3256 extat,
1175 3176 1262 3240 unde
1282 3175 1384 3259 negle-

258 3287 443 3371 gentissime
456 3287 651 3370 descriptam
664 3306 736 3352 oum
744 3285 908 3370 hennepio
921 3287 1167 3352 communicavit
1174 3284 1383 3351 Valckenaer.

340 3407 393 3476 W
416 3406 487 3473 cod.
510 3405 692 3472 Marcianus
721 3405 815 3473 class.
838 3404 885 3470 IX
906 3405 977 3471 cod.
1000 3408 1015 3473 I
1038 3406 1138 3472 chart.
1161 3424 1244 3470 saec.
1266 3401 1344 3469 XVI
1364 3422 1386 3468 a

256 3545 308 3592 me
329 3527 435 3611 primo
457 3525 602 3591 collatus.

344 3635 406 3713 Qui
431 3635 557 3702 codices
580 3634 698 3719 quibus
724 3636 809 3701 inter
837 3655 872 3701 se
899 3636 1096 3719 cognationis
1124 3634 1258 3701 vinculis
1287 3616 1387 3700 conti-

257 3752 397 3815 neantur
417 3746 511 3812 facile
532 3746 673 3830 perspici
694 3750 811 3828 potest.
837 3746 1026 3811 Mutinensis
1048 3744 1131 3810 liber
1145 3744 1385 3828 antiquissimus

256 3862 292 3923 et
314 3858 455 3922 omnium
475 3855 678 3940 plenissimus
701 3856 788 3921 solus
810 3856 951 3921 melioris
966 3855 1108 3922 hmiliac
1123 3843 1215 3921 testis
1230 3859 1386 3936 superest

255 3965 384 4051 Reliqui
402 3965 527 4032 codices
546 3966 722 4034 deteriores
744 3985 766 4031 a
787 3966 987 4033 Bessarionis
1009 3966 1186 4051 exemplari
1207 3964 1296 4030 ducti
1317 3982 1386 4030 esse

139 4102 143 4110 ’
256 4076 412 4155 videntur,
436 4077 523 4160 quod
543 4078 667 4161 primus
688 4077 854 4161 perspexit
874 4076 1003 4160 hennop
1025 4098 1058 4161 p.
1074 4075 1129 4141 VI.

344 4185 490 4253 Stemma
511 4205 622 4253 eorum
643 4186 705 4253 hoc
726 4185 805 4252 mihi
827 4187 1007 4272 composui:
