3108 4662
716 281 926 343 ..66,„

189 532 198 548 .
258 465 414 526 conciliare
439 463 584 523 studebat.
625 465 688 537 quis
714 466 789 523 enim
815 466 861 524 cui
887 464 1002 536 quidem
1035 466 1139 538 aliquis
1171 467 1201 524 in
1226 467 1272 525 his
1299 467 1387 525 rebus

259 575 362 618 sensus
384 564 438 629 est,
459 574 515 617 non
538 564 718 630 exspectata
736 564 824 630 poeta
844 557 983 630 additum,
1004 557 1110 630 Parim,
1132 560 1181 631 qui
1201 565 1246 619 tot
1264 560 1387 619 vidisset

260 659 437 726 venustates,
459 653 622 711 haesitasse
643 653 693 710 din
714 654 854 710 incertum
874 653 920 709 cui
941 652 1048 724 primas
1072 652 1219 712 deferret?
1249 654 1324 725 quod
1345 652 1358 711 f
1375 686 1387 697 ·

260 749 310 820 cit,
330 752 363 806 ut
382 748 487 806 lacuna
508 747 592 804 simul
612 746 801 819 depravatum
823 746 916 804 locum
938 751 1035 816 putem
1057 761 1141 816 quem
1162 747 1205 805 ita
1218 753 1251 805 nt
1265 748 1388 820 posthac

263 841 391 901 scribant
412 841 538 900 editores
560 841 713 899 suaserim:

769 973 877 1049 κόσμον
918 1016 1211 1031 .......

415 1251 477 1326 [καλ
497 1252 576 1327 τότε]
595 1251 767 1329 μειδιόωντα
788 1252 869 1330 δίκης
889 1252 1081 1330 προπάροιθεν
1105 1251 1213 1311 ἑλοῦσα

415 1348 490 1404 τυῖον
510 1341 680 1425 Ἀλεξάνδρῳ
697 1345 850 1424 μυθήσατο
868 1346 961 1422 μῦθον
978 1343 1104 1426 Ἀθήνησι.

262 1475 345 1534 Haec
370 1475 528 1534 Schneider
553 1475 752 1547 sagacissime,
780 1475 831 1532 sed
856 1491 911 1533 non
937 1476 1051 1534 omnino
1076 1492 1152 1535 vere.
1198 1477 1386 1551 Transposito

263 1568 338 1625 enim
358 1585 444 1626 versu
460 1575 515 1626 136
535 1573 603 1641 post
622 1586 648 1625 v.
665 1575 719 1626 133
740 1584 797 1626 non
817 1583 861 1639 ea,
883 1584 967 1639 quam
982 1568 1141 1626 Schneider
1154 1571 1298 1628 nonnullis
1312 1587 1387 1642 quae

259 1661 290 1718 in
311 1676 416 1732 graeco
437 1666 519 1718 textu
538 1677 575 1718 ne
595 1662 731 1731 leguntur
751 1660 867 1731 quidem
887 1662 1033 1719 vertendis
1053 1679 1142 1734 supra
1162 1665 1313 1736 expressit,
1334 1664 1387 1722 sed

260 1753 336 1811 haec
361 1754 462 1826 inepta
492 1751 590 1812 evadit
619 1753 776 1811 sententia:
816 1753 918 1811 »Paris
943 1753 1063 1811 dearum
1088 1754 1332 1827 pulchritudinem
1357 1762 1387 1816 et

261 1846 350 1904 calcis
367 1853 396 1905 et
409 1848 572 1920 plantarum
587 1846 712 1918 vestigia
726 1845 885 1903 diiudicare
906 1847 963 1915 (vel
983 1847 1145 1919 explorare)
1166 1850 1316 1920 tentavit«,
1338 1850 1386 1908 ubi

262 1941 326 2012 quis
338 1957 395 1999 nou
407 1941 533 2000 offendat
547 1941 576 1998 in
586 1940 733 1999 vocabulis
749 1937 865 2009 κάλλος,
879 1937 982 2016 πτέρνη
996 1946 1026 1998 et
1040 1939 1146 2017 τσρσοί
1155 1942 1200 1999 sic·
1210 1941 1388 2001 mniunctist

260 2033 335 2091 Mihi
355 2040 541 2105 versus136,
568 2049 652 2105 quem
673 2033 741 2092 clim
761 2033 857 2105 potins
878 2038 944 2105 post
963 2050 989 2090 v.
1006 2034 1041 2091 75
1062 2035 1225 2106 ponendum
1246 2051 1386 2095 essefnon

266 2128 328 2185 sine
349 2142 438 2184 causa
452 2126 615 2198 suspicatus
630 2141 701 2192 sum,
721 2141 796 2182 nnnc
810 2140 866 2195 quo
882 2125 945 2183 loco
958 2125 988 2181 in
1003 2125 1176 2186 editionibus
1189 2128 1296 2200 legitur
1308 2134 1387 2186 recte

261 2237 294 2279 se
320 2219 430 2278 habere
455 2218 578 2279 videtur.
617 2219 741 2292 Aspexit
765 2213 841 2276 enini
861 2217 944 2276 Paris
969 2219 1092 2291 primum
1119 2235 1183 2278 eam
1208 2221 1387 2278 uniuscuius-

262 2329 318 2385 que
339 2312 414 2371 deae
439 2316 635 2379 venustatem,
664 2327 738 2382 quae
763 2327 835 2383 prae
860 2311 966 2369 ceteris
992 2313 1133 2370 excellens
1160 2313 1388 2385 supermodum

263 2406 326 2464 eius
340 2405 431 2463 oculis
445 2419 510 2462 sese
524 2403 678 2475 obtulerat,
699 2408 767 2477 post
780 2410 876 2461 autem
890 2404 928 2461 ad
942 2410 1074 2463 caeteras
1088 2405 1208 2463 dearum
1222 2406 1387 2466 uenustates

262 2499 380 2557 transiit
399 2498 473 2557 adeo
493 2499 638 2571 religiose,
659 2504 692 2556 ut
704 2499 751 2556 vel
769 2498 933 2570 plantarum
953 2500 1077 2571 vestigia
1096 2500 1240 2573 inspicere
1259 2517 1317 2560 non
1338 2516 1388 2558 ne·

266 2593 398 2665 glexerit.
433 2593 530 2664 Quare
555 2598 671 2650 servata
691 2592 817 2650 omnium
837 2591 968 2650 codicum
988 2593 1112 2652 lectione
1132 2590 1242 2669 κόσμον
1261 2589 1389 2670 ἑκάστης

262 2692 331 2759 post
348 2689 452 2764 χρυσῷ
463 2677 612 2762 daedaliae
626 2686 725 2758 plures
739 2701 839 2742 versus
858 2685 1040 2744 intercidisse
1055 2685 1221 2758 significavi,
1241 2685 1388 2757 inquibus

262 2779 351 2839 etde
373 2779 490 2838 Iunonis
511 2779 636 2837 brachiis
657 2779 764 2837 mentio
785 2779 891 2836 iniecta
912 2777 1000 2837 luerit
1021 2784 1051 2836 et
1070 2779 1100 2836 id
1121 2780 1197 2850 quod
1218 2786 1324 2852 poetae
1345 2778 1389 2836 di·

262 2872 385 2932 cendum
411 2870 502 2929 fuisse
525 2871 610 2930 modo
635 2871 774 2942 indicavi,
799 2871 930 2944 pluribus
955 2878 1141 2944 persecutum
1166 2873 1212 2930 sit.
1255 2872 1331 2931 Olim
1358 2873 1388 2928 in

262 2965 434 3025 Schneideri
454 2966 599 3022 sententia
619 2965 805 3036 acquiescens
825 2965 941 3022 Iunonis
961 2963 1071 3040 κόσμον
1091 2964 1224 3041 ἀγοστόν
1250 2966 1292 3035 (in
1312 2964 1388 3036 quod

261 3059 434 3117 Mauritium
449 3057 578 3116 Schmidt
598 3074 710 3129 quoque
729 3057 865 3115 incidisse
880 3073 955 3114 nunc
968 3057 1052 3116 video
1065 3058 1096 3115 in
1108 3058 1184 3116 Mus.
1199 3058 1292 3116 Rheu.
1305 3057 1389 3115 XXV

262 3154 390 3225 p.182.)
416 3167 434 3208 a
458 3157 546 3224 poeta
579 3151 727 3209 laudatum
758 3148 847 3208 fuisse
872 3150 920 3208 vix
949 3155 1029 3208 recte
1059 3151 1221 3222 suspicatus
1253 3167 1324 3208 sum.
1350 3182 1387 3192 -

261 3245 423 3304 Praeterea
442 3261 542 3303 versus
564 3245 638 3302 sicut
658 3260 676 3301 a
696 3244 872 3304 Schneidero
894 3244 1033 3317 descripti
1060 3251 1140 3317 sunt,
1167 3246 1214 3302 vel
1239 3244 1305 3303 ideo
1326 3245 1388 3317 pla·

261 3355 331 3415 cere
350 3355 407 3398 non
426 3343 556 3412 possunt,
578 3336 655 3408 quod
674 3338 704 3393 in
723 3337 759 3395 iis
774 3336 885 3412 κόσμος
896 3337 1033 3414 χειρῶν
1046 3337 1083 3396 de
1096 3338 1213 3397 Iunonis
1227 3338 1388 3397 brachiis

263 3429 457 3505 (λευκώλενος
469 3427 551 3508 Ἥρη)
572 3431 697 3503 positum
719 3434 777 3502 est,
803 3436 833 3488 ct
850 3430 960 3508 χειρῶν
980 3428 1097 3504 ἑλοῦσα,
1118 3438 1151 3490 ut
1171 3437 1258 3490 antea
1279 3432 1388 3491 editum

263 3531 337 3598 erat,
359 3526 455 3598 aptius
476 3524 513 3582 de
532 3523 665 3581 Minerva
686 3523 793 3581 dictum
821 3530 879 3596 cst,
906 3540 991 3595 quam
1016 3524 1138 3596 simplex
1163 3520 1286 3598 ἑλοῦσα,
1313 3524 1389 3596 quod

265 3621 314 3678 vix
327 3618 413 3676 aliter
426 3634 461 3677 ac
474 3634 528 3691 per
548 3617 710 3688 amplexa
731 3621 786 3675 est
805 3617 991 3690 interpretari
1005 3634 1167 3690 possumus.
1183 3650 1218 3659 -
1232 3619 1338 3678 Restat
1357 3624 1389 3677 ut

264 3713 419 3772 Tournerii
440 3717 630 3770 commentum
651 3715 691 3781 (p.
707 3712 756 3778 24)
776 3726 1004 3783 commemorem,
1025 3712 1074 3782 qui
1088 3710 1220 3786 γλαυκῶν
1232 3709 1388 3789 βλεφάρων

263 3802 354 3870 σέλας
378 3804 416 3863 ad
436 3804 599 3862 Minervam
623 3802 806 3862 referendum
831 3820 895 3863 esse
922 3803 1096 3874 concedens,
1122 3806 1236 3865 omnino
1262 3806 1338 3863 male
1359 3803 1389 3861 δ’

256 3894 344 3976 Ἥρην
363 3914 416 3971 pro
437 3893 533 3975 δειρήν
552 3898 705 3970 proposuit
724 3904 755 3956 et
774 3895 946 3974 ἐφράσσατο
972 3896 1082 3974 κόσμον
1107 3895 1225 3975 §damac
1244 3899 1281 3959 ab
1302 3898 1390 3956 inter·

263 3992 399 4064 pclatore
419 3990 549 4049 additum
570 4007 634 4050 esse
654 3992 768 4065 putavit
788 3991 933 4065 deperditi
950 3992 1133 4065 hemistichii,
1155 3993 1204 4063 qui
1224 3992 1261 4050 de
1276 3992 1389 4050 Venere
