3108 4662
596 391 637 401 ⁴-
683 355 743 418 109
788 391 829 400 -

154 540 208 582 om.
233 525 270 596 Q3
292 526 327 564 —'
348 522 411 583 330
438 519 603 599 ἀπάτερθεν
627 523 673 594 Μ,
699 519 860 599 ἑκάτερθεν
887 523 950 596 ΟΡ;
976 522 1021 581 ἐπι
1044 524 1184 596 MCLN3
1209 545 1276 603 προ-

129 615 285 692 ,8όρυισιν
309 618 342 675 Μ
368 625 398 675 et
427 617 508 689 edd,
538 614 715 694 πρυθύρήσιν
740 615 979 687 ΑΙιΝΩΗὸΜ,
1008 615 1183 694 προθόρήσιν
1211 618 1291 689 ch

154 709 294 783 ἐλήρύκειν
314 711 361 782 Μ;
388 742 422 751 -
448 709 506 768 331
530 705 661 787 ἐρμιονήν
680 708 727 779 Μ,
753 705 885 786 ἐρμιύνήν
907 710 942 782 O,
963 706 1102 787 ἑρμιιύνήν
1122 712 1160 783 Ρ;
1181 729 1276 767 στενο-

152 820 265 882 χσυσαν
277 803 319 875 Μ,
340 801 538 881 στονάχονσαν
560 819 594 861 ex
615 799 816 880 στανάχουσαν
833 802 869 873 03
889 801 1075 879 επειρήσαντυ
1089 804 1121 861 Μ
1128 822 1134 874 ;
1157 838 1192 846 -
1213 802 1275 862 332

154 905 220 969 post
240 895 340 954 τέκνον
359 897 619 969 interpunctionem
641 896 739 952 notavi
761 911 797 952 ex
815 894 976 967 LNPQS3
998 894 1072 970 γόων
1086 897 1158 967 AQ,
1180 892 1276 973 ὠχετο

154 991 195 1051 Μ.
233 991 305 1050 Post
329 990 404 1048 hunc
428 1005 543 1058 versum
567 988 931 1059 indiscutiendum.
954 1020 990 1029 —
1010 985 1070 1045 333
1098 987 1220 1067 νοστήση
1242 990 1276 1057 G,

155 1083 288 1159 ναστείσή
304 1082 341 1153 0;
361 1080 529 1155 παλίνορσον
544 1079 646 1150 LQR,
669 1077 731 1135 ἐπεὶ
750 1077 834 1137 codd.
856 1079 927 1136 dett.
950 1084 980 1137 et
1001 1079 1065 1137 edd.
1082 1087 1149 1138 ante
1163 1082 1279 1140 Bekke-

154 1194 231 1248 rum,
257 1177 306 1247 qui
331 1169 375 1231 ἔτι
395 1174 511 1246 scripsit
538 1191 573 1231 ex
595 1174 640 1244 M,
666 1175 772 1245 inquo
798 1170 842 1229 ἐτι
863 1179 915 1231 est.
955 1170 1211 1252 κλαιουσὰνοήσεις
1236 1177 1277 1246 Μ,

158 1269 313 1327 κλαίουσαν
339 1267 490 1338 (κλαίουσα
514 1267 541 1325 Α
565 1271 632 1324 ante
658 1270 744 1337 corr.)
774 1264 869 1344 νοήσει
894 1266 976 1328 codd.
1003 1268 1074 1325 dett.
1100 1276 1218 1341 praeter
1243 1270 1276 1341 G,

156 1370 186 1422 et
206 1362 272 1421 edd.
294 1368 361 1420 ante
375 1360 552 1431 Bckkerum,
572 1365 689 1430 praeter
710 1359 818 1431 Steph,
838 1359 979 1431 Lectium,
999 1361 1118 1418 Portum
1140 1369 1170 1419 et
1182 1363 1277 1421 Eoba·

155 1474 221 1514 num
236 1457 368 1528 Hessum,
388 1457 437 1527 qui
453 1454 529 1526 quod
548 1455 721 1525 AnonymuS,
743 1453 892 1511 Brodaeus
914 1461 943 1512 ot
956 1455 1093 1512 Neander
1114 1455 1155 1525 (in
1175 1472 1277 1528 marg,

156 1551 208 1608 sed
231 1548 283 1605 υίει
303 1549 430 1621 scripsit)
451 1549 634 1606 coniecerunt
655 1552 684 1603 ct
704 1545 729 1604 G
750 1561 862 1617 quoque
882 1547 979 1618 habet,
1001 1542 1074 1604 ὀΐσει
1094 1557 1275 1622 receperunt.

156 1642 294 1701 Probavit
307 1643 362 1700 hoc
374 1641 541 1711 Dorrillius,
556 1641 603 1711 qui
618 1646 772 1713 practerea
786 1639 822 1697 de
836 1637 914 1719 νώσή
928 1643 1083 1714 cogitabat,
1105 1648 1135 1700 et
1148 1642 1275 1716 Lennep,

157 1737 205 1809 qui
226 1738 338 1810 etipse
359 1736 445 1792 aliam
465 1737 541 1792 viam
558 1735 705 1806 ingressus
726 1730 786 1789 ἐπεὶ
806 1734 912 1791 κλαίειν
932 1754 974 1792 σε,
989 1735 1083 1813 νοήσει
1103 1737 1274 1794 coniecerat.

156 1814 343 1899 Falkenburg
357 1824 418 1884 ἐπεὶ
432 1827 570 1883 κλαίουσα
584 1825 679 1905 νοήσει
693 1828 911 1900 commendavit,
926 1829 1001 1900 quod
1016 1829 1190 1902 improbavit
1202 1828 1277 1887 Len·

156 1939 221 1996 nep,
242 1921 429 1978 »Hermiones
445 1920 527 1988 enim,
549 1936 605 1977 uon
622 1936 689 1977 vero
703 1919 843 1991 Helenae,
863 1926 962 1995 partes
976 1921 1022 1977 hic
1037 1929 1120 1979 crant
1134 1923 1274 1996 plorare«

156 2016 262 2084 dullen,
288 2002 325 2072 ne
345 2014 457 2071 scilicet
477 2009 574 2089 νοήσει
594 2013 706 2070 obiecto
727 2019 835 2083 careat,
859 2013 922 2071 colo
944 2021 1009 2087 post
1029 2011 1161 2092 νοστήσει
1181 2011 1276 2089 posito

158 2126 193 2168 ex
213 2108 304 2179 LQR
323 2106 489 2183 παλίνορσον
510 2107 623 2180 recepit
643 2113 672 2163 ct
692 2121 755 2163 curn
776 2100 871 2182 νοήσει
892 2106 1045 2165 coniunxit.
1080 2108 1172 2166 Lehrs
1194 2107 1275 2186 νοσή·
1330 2111 1331 2114 ’

157 2220 219 2266 σεις
233 2202 391 2259 Hermanni
411 2201 613 2284 coniecturam·
627 2204 667 2273 (p.
687 2202 734 2271 21)
756 2200 874 2274 recepit,
897 2200 933 2257 de
954 2217 1011 2272 quo
1024 2208 1103 2260 recte
1119 2201 1278 2260 Schneider

157 2311 185 2369 p.
208 2301 263 2352 445
284 2294 439 2351 iudicavit:
467 2310 549 2351 anam
576 2291 709 2371 νοσήσεις
735 2299 794 2350 tum
817 2292 930 2351 demum
951 2311 1049 2352 rerum
1071 2302 1161 2368 esset,
1183 2297 1208 2353 si
1227 2313 1279 2353 ne=

158 2388 285 2446 cessario
305 2388 359 2445 hoc
380 2386 522 2444 distichon
542 2402 606 2443 cum
633 2385 818 2457 sequentibus
844 2386 973 2445 versibus
1000 2394 1078 2446 esset
1104 2391 1279 2462 coniungen-

158 2482 225 2539 dunr
246 2481 295 2538 ubi
316 2498 407 2554 genae
427 2481 526 2539 labare
547 2482 678 2552 oculique
702 2483 891 2552 languescere
912 2481 1053 2539 dicuntur.
1085 2500 1159 2541 nunc
1182 2491 1277 2542 autem

158 2575 229 2651 nihil
250 2575 372 2650 impedit
391 2577 459 2646 quin
483 2575 719 2634 antecedentibus
740 2575 920 2642 adnectatur,
942 2576 991 2632 ubi
1012 2576 1124 2634 Helena
1145 2593 1210 2634 mou
1233 2594 1278 2634 re·

158 2669 255 2726 ditura
281 2668 411 2726 dicitur«
439 2700 476 2710 -
500 2666 562 2725 334
588 2663 736 2744 οὐχοράας
754 2668 800 2739 Μ;
826 2664 890 2745 οὐχ’
917 2667 947 2726 (λ.
990 2668 1072 2726 »Etsi
1099 2669 1203 2745 γοεραί
1221 2669 1278 2727 dici

157 2762 253 2835 potuit
266 2779 319 2837 pro
334 2761 380 2817 συλ
394 2764 489 2840 γοερῇ,
503 2762 667 2819 concinnius
680 2767 776 2819 tamen
790 2759 866 2818 foret
876 2759 979 2838 ῥόδεσι
993 2759 1027 2818 cf.
1040 2777 1137 2833 sequ«
1160 2760 1277 2820 Gnaei.
1305 2825 1308 2833 ¹

157 2871 187 2928 p.
209 2862 274 2913 255.
296 2887 323 2896 -
349 2873 402 2930 μεν
427 2850 576 2929 ἐπιμύουσι
596 2853 636 2925 Μ,
657 2852 732 2910 unde
753 2848 909 2930 ἐπήμύουσι
935 2854 1046 2929 scripsi,
1072 2870 1135 2912 cum
1161 2855 1279 2913 verbum

141 2945 273 3024 ,ὑπήμύω
298 2965 419 3019 nusqum
445 2948 623 3022 reperiatur,
649 2947 703 3004 nisi
728 2944 802 3004 forte
821 2944 941 3005 formam
960 2947 1140 3005 Homericam
1163 2944 1279 3028 ὑπεμνή-

154 3056 230 3114 μυκε
250 3041 316 3098 hinc
336 3041 469 3098 derivare
490 3041 570 3098 velis.
600 3037 793 3115 ὑπομύουσιΟ
814 3057 849 3098 ex
868 3038 959 3117 bupp,
983 3037 1158 3117 ὁπήμύουσαι
1171 3042 1278 3114 PSW,

157 3131 313 3210 λπτήμύουσι
334 3135 396 3191 rell.
418 3133 502 3192 codd.
523 3138 553 3191 et
573 3134 637 3191 edd.
658 3150 765 3204 omnes,
786 3135 863 3205 quod
884 3132 1012 3192 defendit
1032 3134 1173 3193 Touruier
1192 3153 1222 3209 p.
1242 3143 1280 3195 tc

156 3227 232 3286 hunc
256 3227 375 3286 Homeri
399 3244 528 3293 versum,
542 3228 586 3298 (Il.
611 3228 696 3285 XXII
722 3232 804 3298 tall:
829 3227 919 3284 πάντα
944 3224 972 3283 δ’
1008 3227 1202 3307 ὑπεμνήμυκε,
1233 3225 1278 3284 δε-

157 3317 313 3397 δάκρυνται
337 3317 371 3377 δὲ
395 3321 512 3396 παρειαί
533 3338 551 3379 a
578 3320 709 3380 Collutho
740 3320 878 3379 imitando
905 3337 1071 3395 expressum
1098 3337 1162 3379 esse
1187 3325 1297 3391 ratus,

157 3419 319 3487 praeeunte
334 3413 475 3472 Guilelmo
489 3412 639 3473 Dindorfio
655 3415 684 3471 in
698 3414 852 3472 novissima
866 3413 1007 3472 Thesauri
1028 3412 1162 3472 editione.
1183 3413 1278 3484 Lege·

156 3507 243 3565 batur
262 3507 292 3564 in
312 3507 395 3566 codd.
416 3513 446 3566 et
467 3508 532 3568 edd.
552 3508 682 3567 omnibus
697 3541 732 3550 -
749 3527 813 3565 ουσι
832 3505 951 3584 παρειαί
965 3524 990 3565 ν.
1006 3514 1071 3579 384,
1093 3512 1123 3565 et
1144 3540 1178 3547 —
1199 3524 1278 3563 ουσιν

157 3597 275 3656 ὀπωπαί
288 3618 315 3657 ν.
336 3608 406 3673 3353
433 3601 484 3659 sed
509 3618 642 3660 versuum
666 3602 809 3660 clausulas
829 3602 971 3676 probante
992 3603 1081 3661 ctiam
1102 3600 1279 3660 Schneidero

156 3709 227 3752 rec.
253 3710 282 3769 p.
305 3701 368 3752 194.
397 3702 450 3754 195
476 3702 556 3754 recte
581 3696 760 3771 transposuit
783 3695 925 3755 Tournier
949 3711 977 3770 p.
1002 3702 1053 3767 4ο,
1078 3695 1128 3753 ubi
1153 3710 1189 3753 ne
1215 3694 1281 3767 quis

157 3785 256 3863 γοεραλ
276 3788 368 3846 minus
389 3793 457 3863 apte
477 3789 514 3847 ad
535 3783 646 3845 ὀπωπαί
665 3787 769 3848 referri
788 3804 873 3863 posse
894 3787 1010 3860 obiciat,
1031 3788 1142 3847 confert
1164 3787 1281 3847 0le

158 3881 214 3940 '158
232 3867 330 3958 voldris
349 3875 380 3938 δ’
391 3877 472 3943 ὄσσε
493 3879 581 3958 γόοιο,
598 3884 691 3942 Noun.
707 3882 791 3940 Dion.
806 3882 846 3941 IV
860 3888 897 3940 64
918 3878 1057 3959 γοήμονος
1076 3877 1184 3957 ὄμβρον
1205 3878 1279 3936 ὅπου,

157 3972 219 4051 πῆς,
241 3975 307 4033 alia.
330 4007 364 4017 -
385 3973 445 4035 335
465 3974 558 4033 πυκνὰ
570 3973 611 4034 ,δὲ
630 3977 663 4035 Μ
679 3985 693 4035 1
716 3993 752 4035 ex
770 3975 924 4048 πυκνὰσε;
944 3995 1033 4052 πικρα
1046 3976 1080 4048 V,
1099 3973 1188 4052 πικρὰ
1201 3975 1282 4047 SW,

158 4065 236 4137 quod
261 4084 318 4128 non
345 4069 494 4141 inelegans
520 4084 584 4128 esse
609 4069 746 4129 iudicavit
769 4070 899 4144 Lennep,
937 4066 1034 4144 πυκρὰ
1058 4067 1095 4140 Ρ,
1120 4066 1214 4146 πυχνὰ
1239 4067 1283 4139 L·,
1341 4146 1347 4151 .
