3108 4662
720 304 932 368 ..84-

265 475 341 549 qnod
354 475 484 534 Phthia
503 491 617 534 revera
630 475 660 531 in
673 473 949 533 Haemoniorum
962 479 1050 544 terra,
1073 474 1103 531 in
1116 473 1253 532 Achaia
1268 472 1386 546 proprie

249 569 344 628 *dicta
364 569 422 626 sita
441 568 489 636 sit,
508 568 596 625 malui
614 570 682 640 post
699 563 773 643 Φθίη
791 564 967 640 βωτιάνειρα
987 570 1025 637 (ν.
1041 570 1109 638 221)
1129 567 1240 637 aliquot
1253 581 1386 624 versuum

264 663 405 720 iactmam
429 661 571 735 indicare,
601 662 758 733 inquibus
784 666 851 733 post
878 661 1000 720 aliarum
1026 661 1194 719 Thessaliae
1220 658 1385 720 florentium

264 755 375 814 urbium
396 754 478 826 (Iolci
497 758 580 839 puto)
608 754 850 812 enumerationem
870 753 908 812 ad
927 754 1032 826 reliqui
1057 755 1085 810 in
1107 753 1260 811 Graeciam
1281 759 1311 810 et
1330 752 1384 809 Pe-

263 849 455 921 loponuesum
468 847 580 906 itineris
599 847 821 921 descriptionem
834 848 995 919 perrexerit
1015 852 1111 920 poeta.
1137 848 1233 919 Atque
1253 849 1385 906 lacunam

263 944 366 1001 statuit
386 942 473 1000 etiam
493 942 634 1002 Toarnier
653 959 681 1016 p.
702 950 739 1002 30
765 940 813 998 καλ
831 943 1004 1015 particulam
1025 947 1093 1016 post
1112 939 1288 1015 βωτιάνειρα
1308 940 1384 1013 posi-

263 1041 324 1095 tam
342 1035 501 1094 omissionis
522 1052 621 1094 ansam
640 1036 809 1109 praebuisse
828 1028 917 1094 ratus.
939 1066 975 1076 —-
995 1034 1107 1093 Pendet
1130 1040 1228 1093 autem
1250 1032 1300 1090 διὰ
1311 1032 1384 1111 χθα-

263 1126 313 1192 νὸς
337 1128 373 1186 ab
398 1125 554 1188 ἀνέτελλεν.
581 1160 619 1170 -
645 1129 709 1201 Qua
733 1129 924 1202 explicatione
956 1129 1083 1187 admissa
1110 1128 1181 1185 nihil
1205 1124 1384 1198 habebimus,

263 1238 313 1281 cnr
333 1217 464 1297 ἐξαπίνης
483 1238 509 1278 v.
530 1228 595 1294 220,
621 1222 697 1294 qnod
717 1221 753 1281 de
773 1222 941 1281 Thessaliae
961 1221 1080 1281 urbibus
1106 1237 1162 1278 non
1188 1220 1272 1278 nimis
1297 1220 1383 1291 longe

260 1317 336 1374 inter
355 1331 387 1373 se
407 1314 590 1385 distantibus,
610 1332 703 1387 neque
722 1317 806 1374 nimis
820 1318 905 1390 longo
926 1317 1069 1389 temporis
1090 1314 1245 1372 intervallo
1265 1312 1296 1370 in
1317 1328 1382 1371 con-

261 1414 392 1482 spectum
411 1408 545 1467 celeriter
563 1409 725 1481 navigantis
745 1398 953 1482 prodeuntibus
975 1409 1086 1467 dictum
1103 1410 1151 1465 vix
1164 1408 1270 1464 iustam
1283 1422 1382 1478 repre-

261 1503 426 1561 hensionem
446 1502 594 1559 incurrere
613 1507 723 1576 potest,
748 1518 813 1560 cum
833 1502 1008 1561 Schneidero
1029 1519 1057 1575 p.
1080 1503 1136 1559 417
1159 1502 1188 1557 in
1209 1495 1302 1576 ἑξείης
1323 1517 1383 1557 rnu-

261 1601 369 1667 temus,
389 1595 499 1653 scilicet
519 1596 587 1667 quia
608 1611 678 1655 »eae
697 1598 779 1668 ipsae
799 1612 870 1667 quas
894 1596 1050 1653 nominavit
1069 1595 1154 1653 urbes
1173 1595 1219 1652 vel
1237 1595 1383 1665 regiones,

261 1688 366 1747 Phthia
381 1694 415 1745 et
427 1688 590 1760 Myrene,
610 1705 668 1746 non
681 1693 837 1761 potuerunt
850 1685 983 1767 ἐξαπίνης
997 1704 1141 1762 apparere
1154 1687 1269 1758 Paridi;
1288 1688 1384 1759 potnit

261 1780 377 1852 quidem
402 1797 472 1852 una,
498 1787 529 1838 at
553 1788 609 1839 nod
632 1788 789 1854 potuerunt
814 1782 898 1839 simul
924 1781 999 1841 duae
1024 1798 1098 1855 quae
1124 1783 1211 1854 longo
1237 1785 1382 1838 terrarum

260 1880 356 1934 tractu
376 1877 452 1933 inter
472 1891 504 1933 se
524 1876 659 1934 distant«
694 1869 768 1951 ἤθεα
788 1875 869 1951 γαίης
894 1893 930 1934 ex
948 1876 1101 1948 Apollonio
1122 1875 1239 1934 Rhodio
1259 1874 1274 1931 I
1297 1875 1380 1945 1177,

259 1967 303 2027 ΠΙ
325 1976 412 2043 1121,
437 1971 477 2030 IV
498 1977 552 2029 511
574 1973 690 2043 eti-³19,
714 1971 766 2029 sed
786 1975 886 2028 contra
906 1971 1001 2029 Nonni
1021 1986 1104 2027 usum
1126 1969 1198 2027 coni.
1238 1967 1381 2026 Tournier

259 2081 288 2136 p.
307 2069 351 2121 29.
375 2097 408 2105 -—
430 2060 533 2120 αὐτίκα
552 2063 583 2119 αἱ
606 2062 709 2127 πόλεες
732 2061 867 2140 φαίνοντο
885 2060 1017 2141 ἀχαιΐδας
1042 2060 1106 2139 αἴης
1125 2065 1157 2133 1ι;
1183 2059 1315 2137 εξαπίνης
1333 2060 1380 2130 Μ;

260 2153 409 2213 ἀνετελλεν
428 2156 518 2227 MW,
539 2153 687 2213 ἀνέτελλεν
706 2155 892 2228 GLNPSR,
913 2153 1055 2213 ἀνέτειλεν
1075 2156 1146 2227 Aa,
1167 2156 1277 2223 Julien,
1304 2152 1380 2224 quod

260 2250 285 2307 si
309 2265 422 2307 sensum
440 2248 539 2307 solnm
559 2255 673 2321 spectes
693 2255 772 2307 certe
793 2247 1014 2321 praeferendum
1044 2256 1135 2319 esset;
1162 2248 1215 2306 sed
1240 2263 1379 2318 nusquam

258 2345 377 2403 Nonnus
397 2344 477 2402 verbi
497 2341 644 2401 ἀνατέλλω
668 2345 776 2403 aoristo
795 2361 864 2402 usus
891 2349 951 2416 est,
979 2342 1029 2401 cir.
1051 2342 1229 2403 Schwabinm
1255 2341 1293 2399 ad
1313 2341 1379 2398 Mu·

260 2444 473 2496 sacomam
495 2443 525 2496 et
545 2453 628 2509 quern
647 2438 697 2495 ille
717 2437 992 2510 laudatPatziginm
1012 2436 1049 2494 de
1067 2437 1182 2494 Musaei
1206 2434 1379 2494 emendandi

259 2530 370 2589 ratione
390 2548 418 2603 p.
434 2539 479 2590 50.
500 2563 537 2572 -
557 2528 688 2609 αχαιίδας
701 2531 742 2603 Μ,
763 2529 885 2608 ἀχαίδας
898 2531 956 2603 RQ
977 2537 1007 2590 et
1028 2531 1092 2589 edd.
1115 2536 1183 2588 ante
1197 2530 1322 2589 Behker.
1343 2563 1376 2572 —

259 2621 350 2681 ανθεα
369 2623 410 2695 Μ,
431 2620 524 2682 ἄνθεα
542 2623 739 2697 AGLNQR,
760 2623 836 2696 quod
855 2624 990 2697 probavit
1011 2624 1168 2683 Schneider
1187 2641 1215 2696 p.
1237 2626 1303 2697 417,
1331 2625 1379 2697 qui

260 2717 346 2775 etiam
366 2723 451 2790 putat
472 2719 574 2792 »plura
594 2717 705 2777 duobus
729 2719 837 2792 oppida
855 2720 1068 2778 nominatorum
1088 2724 1205 2792 poetam
1224 2717 1328 2791 fuisse,
1354 2719 1379 2776 si

261 2807 350 2867 derra
374 2812 570 2884 scripsisset«,
600 2808 692 2869 ἄστεα
716 2813 740 2870 Ρ
766 2812 897 2887 [SVW]
926 2817 956 2871 et
983 2812 1048 2871 edd.
1074 2829 1182 2871 omnes.
1225 2812 1377 2871 Caeterum

258 2903 399 2963 Teurnier
422 2922 451 2977 p.
472 2912 518 2964 29.
539 2913 576 2964 30
601 2922 728 2964 errorem
753 2907 977 2979 geographicum
999 2906 1133 2965 Oollntho
1158 2906 1377 2978 relinquendum

258 3013 322 3055 esse
341 2998 461 3069 censuit,
482 3003 556 3056 etv.
577 3005 632 3057 219
653 3004 704 3057 aut
719 2995 779 3076 ῥία,
799 3006 859 3070 aut,
879 2999 956 3071 quod
977 3000 1125 3072 praetulit,
1147 2996 1212 3075 δρία
1233 3015 1287 3071 pro
1308 2997 1376 3075 δίχα

256 3089 426 3161 rescribens,
446 3091 540 3149 locum
559 3092 601 3149 sic
620 3092 784 3151 constituit:

464 3224 507 3302 Τῷ
522 3225 557 3284 δὲ
574 3225 772 3305 βαθυκλήροιο
792 3225 858 3302 δρία
875 3226 987 3306 χθονὸς
1010 3227 1166 3305 Αἱμονιήων

459 3315 599 3395 ἐξαπίνης,
619 3318 754 3390 ἀνέτελλέ
772 3322 796 3377 τ’
813 3316 959 3398 Ἀχαιίδος.
972 3315 1047 3397 ἤθεα
1068 3320 1158 3399 γαίης,

256 3462 322 3532 ubi,
346 3463 436 3520 atde
460 3464 524 3522 aliis
544 3472 670 3537 taceam,
694 3465 814 3525 offendit
833 3484 866 3523 τε
884 3467 1030 3540 particula
1050 3483 1068 3524 a
1089 3464 1223 3526 collutho
1243 3471 1376 3526 consun-

257 3559 303 3611 ter
323 3560 430 3626 spreta.
471 3556 622 3615 caeterum
638 3554 763 3636 Ἀχαϊιλα
783 3561 863 3634 γαῖαν
882 3559 937 3619 hoo
956 3560 1019 3618 loco
1040 3575 1096 3618 non
1116 3559 1308 3628 Thessaliam,
1330 3559 1376 3616 vel

257 3645 424 3705 Thessaliae
443 3654 565 3722 partem,
585 3649 637 3706 sed
657 3652 819 3709 universam
838 3651 990 3710 Graeciam
1010 3650 1181 3723 significare,
1202 3667 1266 3710 cnm
1287 3651 1375 3708 etiam

255 3740 379 3813 Mycena
393 3741 487 3801 eidem
499 3743 635 3802 Achaeae
651 3744 804 3818 tribuatur,
824 3748 933 3819 primus
947 3745 1096 3804 contendit
1108 3745 1270 3817 Brodaeas,
1290 3758 1375 3816 quern

256 3835 348 3892 secati
372 3841 440 3894 aunt
458 3835 562 3907 reliqui
583 3837 709 3897 editores
731 3845 761 3898 et
779 3840 881 3912 critici,
907 3840 1000 3897 minus
1024 3845 1113 3911 recte,
1140 3844 1173 3897 ut
1192 3841 1222 3897 in
1247 3843 1317 3897 ncta
1337 3836 1376 3897 ad

256 3929 434 4001 superiorem
453 3945 566 3987 versum
586 3932 708 3990 ostendi.
722 3963 758 3973 —
774 3931 836 3991 221
854 3931 943 4010 ριλείη
957 3933 996 4006 Q3
1017 3949 1114 3993 rocem
1136 3931 1210 4009 Φθίη
1232 3932 1262 3988 in
1281 3932 1376 4006 suspi-

254 4021 366 4084 cionem
388 4021 501 4081 vocavit
519 4021 690 4096 Bernhardy
710 4023 833 4082 Grandr.
859 4022 887 4081 d.
913 4041 955 4096 gr.
976 4025 1033 4084 Lit.
1055 4025 1116 4085 III
1143 4044 1171 4098 p.
1192 4033 1265 4094 402,
1289 4026 1374 4093 male,
