3108 4662
734 340 946 404 ..90-

272 577 358 656 ἀητσι
371 578 412 650 Μ,
433 541 523 655 ἀύτοῗ
531 578 577 648 W,
592 574 692 654 ἀῆτοις
704 576 738 645 G,
752 576 822 635 Pm.
836 584 852 635 2
865 576 894 634 iu
905 592 1007 650 marg,
1021 577 1086 649 SV,
1101 576 1167 635 edd.
1182 582 1249 638 ante
1259 577 1403 654 Lennep⁸5

275 668 359 748 ἀῆται
372 685 389 728 e
403 671 466 728 rell.
481 669 564 729 codd.
578 669 690 742 recepit
704 668 833 742 Lennep‚
847 669 896 741 qui
906 668 1002 728 addit:
1019 669 1221 742 »Dausqueius
1231 670 1340 745 duplici
1351 673 1401 732 via

275 780 443 823 succurrere
468 769 588 823 conatus
615 768 673 836 est,
698 764 744 821 vel
766 763 890 835 legendo
911 758 1123 833 ἐποντέλλοιεν,
1149 764 1195 822 vcl
1220 760 1401 823 ἐπιθολέοιεν

274 854 402 934 ἐθείρας.
429 857 514 915 Prius
540 858 602 915 siue
628 856 715 916 dubio
736 854 988 930 praeferendum«
1024 856 1070 914 De
1095 856 1140 915 his
1165 856 1297 917 versibus
1325 858 1403 917 haec

276 951 387 1010 somnia
411 950 533 1024 protulit
559 949 690 1009 Graefius
714 967 744 1023 p.
766 956 831 1008 251.
858 956 928 1008 252:
958 966 1020 1008 νυν.
1048 956 1113 1008 233.
1138 957 1195 1009 234
1215 950 1317 1010 eadem
1337 949 1400 1011 fere

277 1042 446 1103 difficultate
466 1038 640 1116 laboramus,
661 1060 719 1115 qua
738 1061 764 1103 ν.
780 1050 806 1102 5.
835 1043 910 1102 Nam
932 1043 1003 1103 (lod.
1022 1043 1064 1101 M.
1085 1043 1170 1102 offert
1189 1042 1398 1118 ἀναστέλλοιεν,

277 1137 381 1209 reliqui
401 1138 431 1196 iu
451 1133 650 1194 ἐπαντέλλοιεν
675 1130 869 1195 τυννουτοσί(
894 1135 977 1196 Haec
998 1141 1042 1195 est
1063 1153 1173 1196 summa
1193 1136 1402 1211 discrepantia,

276 1230 352 1289 unde
373 1231 486 1301 reliqua
500 1231 593 1302 magis
609 1230 738 1287 minusve
758 1228 895 1301 pendent.
927 1229 1086 1288 Praeterea
1100 1231 1156 1288 vim
1169 1230 1258 1290 habet
1277 1231 1400 1304 probum

275 1324 345 1383 illud
367 1321 521 1399 κυνέοθεν,
547 1328 577 1381 et
597 1339 633 1381 ex
653 1323 747 1380 altera
765 1326 850 1395 parte
872 1320 1011 1402 κυνέρσιν,
1032 1323 1062 1380 id
1083 1322 1200 1397 quidem
1220 1330 1321 1397 aperte
1341 1340 1400 1382 nou

277 1434 387 1492 sanum,
408 1418 459 1477 sed
479 1418 573 1476 bonae
588 1422 618 1475 et
631 1415 697 1475 fort.
719 1416 910 1489 discrepantis
925 1416 1058 1475 lectionis
1072 1417 1226 1490 vestigium
1240 1418 1397 1477 continens.

273 1514 375 1572 Plures
401 1518 557 1587 praeterea
583 1512 801 1571 terminationes
821 1526 898 1569 voce.
925 1510 1029 1569 leviter
1053 1511 1162 1569 variari
1186 1511 1399 1584 praetermitto.

275 1608 335 1665 lam
356 1607 435 1665 locus
455 1608 498 1665 ita
514 1613 559 1665 est
573 1611 768 1680 comparatus,
789 1610 822 1663 ut
835 1604 936 1663 eadem
952 1605 1104 1675 sententia,
1125 1603 1228 1662 iisdem
1241 1603 1400 1677 vocabulis,

275 1699 376 1757 eadem
397 1704 427 1758 et
448 1700 593 1772 elegantia
614 1704 644 1757 et
663 1698 869 1772 probabilitate
889 1697 1020 1770 pluribus
1041 1697 1132 1756 modis
1159 1698 1266 1756 variari
1290 1699 1393 1771 possit,

274 1793 371 1864 prouti
391 1794 452 1851 sive
472 1792 550 1851 verb.
572 1788 748 1865 ἐπαντέλλω,
768 1792 829 1849 sive
850 1787 1017 1848 ἀναστέλλιυ
1037 1790 1211 1864 praefertur.
1241 1790 1287 1849 Ita
1308 1792 1399 1850 eviri-

274 1892 344 1959 gata
364 1886 429 1944 elici
449 1891 559 1959 potest:

424 1994 464 2074 μὴ
484 1995 649 2072 πλόκαμοι,
671 1993 809 2073 κυνέηθεν
831 1990 1087 2071 ὑποβρύσαντες,
1107 1991 1256 2072 ἐθείρας,

428 2086 563 2163 ὀξύτερον
584 2084 767 2161 σπεύδοντος,
787 2084 986 2145 ἓπαντέλλσιεν
1006 2086 1140 2165 άῆτοιις.

271 2215 313 2259 nc
334 2199 492 2257 cincinni
512 2197 573 2256 sub
600 2199 706 2270 galea
725 2199 1020 2272 propullulantcs
1047 2200 1164 2258 ventis
1186 2207 1397 2274 appareant.

272 2293 340 2352 Vel:

424 2383 464 2463 μὴ
484 2384 638 2461 πλοκάμων
658 2383 810 2463 ξανθῇσιν
828 2379 1043 2462 ἐπιβρίσαντες
1063 2383 1223 2461 ἐθείραις,

426 2474 561 2554 ὀξύτερον
581 2475 761 2550 σπεύδοντος,
782 2474 980 2536 ἐπαντέλλοιεν
1000 2476 1093 2557 ἀῆται.

271 2589 446 2660 nocenti,
474 2586 583 2646 flavis
608 2589 819 2660 ingruentes
840 2589 963 2661 comis,
989 2595 1147 2662 surgant.
1186 2590 1289 2650 Altera
1308 2592 1396 2651 lectio

272 2681 351 2740 ducit
371 2681 408 2740 ad
428 2682 501 2740 haee
519 2680 595 2740 fere:

423 2788 462 2868 μὴ
482 2788 665 2866 πλοκάμους
685 2787 823 2867 κυνέηθεν
843 2787 1115 2866 ὑποβρύσαντας
1133 2788 1275 2871 ἐθείρας,

426 2881 562 2960 ὀξύτερον
583 2881 764 2956 σπεύδοντος,
785 2881 986 2941 ἀναστέλλοιεν
1006 2882 1098 2962 ἀῆται.

271 3011 313 3055 ue
334 2994 522 3053 cincinnos
541 2995 602 3054 sub
616 2996 722 3068 galea
735 2994 1041 3068 propullulantes,
1063 2995 1272 3056 distrahant
1290 3000 1396 3057 venti.

269 3088 337 3147 Μ,
428 3179 468 3260 μὴ
487 3179 678 3257 πλοκάμους,
701 3178 853 3259 ξανθῇσιν
873 3178 1087 3257 ἐπιβρίσαντες
1105 3179 1264 3260 ἐθεζοαις,

426 3272 562 3351 ὀξύτερον
582 3271 765 3347 σπεύδοντος,
786 3272 987 3332 ἀναστέλλοιεν
1007 3272 1101 3354 άῆται.

270 3401 314 3445 ne
334 3386 521 3445 cincinnos
541 3386 639 3444 venti
663 3385 882 3458 distrahant,
909 3384 1016 3445 flavis
1043 3387 1256 3458 ingruentes
1277 3390 1394 3448 comis.

347 3480 387 3538 Et
408 3485 440 3536 ut
460 3480 489 3536 iu
510 3479 559 3538 illo
580 3476 711 3558 κυνέῃσιν
731 3478 820 3537 alibi
846 3483 876 3538 et
896 3480 933 3538 de
953 3478 1139 3537 κυάνοισιν
1165 3474 1294 3557 ἐθείραις
1319 3483 1395 3554 cogi·

269 3572 327 3630 tari
347 3580 464 3645 posset,
489 3574 531 3632 ita
551 3571 675 3631 fortasse
696 3572 743 3630 hic
761 3572 856 3631 rarius
876 3572 976 3632 vocab.
997 3570 1150 3651 ξυνοχῇσιν
1170 3571 1246 3632 inira
1265 3591 1290 3633 ν.
1312 3573 1394 3634 acsi.

274 3665 408 3723 similiter
427 3672 607 3738 usurpatum,
628 3665 758 3738 exsculpi
777 3672 875 3739 potest
893 3665 948 3725 hoc
967 3667 1066 3727 modo:

421 3773 460 3853 μὴ
480 3773 650 3850 πλοκάμων
670 3773 864 3855 ξυνοχῇσιν
884 3774 1084 3852 ἐπιβρίσαντες
1103 3776 1205 3855 ἀῆται

425 3866 564 3943 ὀξύτερον
585 3867 761 3934 σπεύδοντος
782 3865 982 3928 ἀναστέλλοιεν
1001 3867 1158 3946 ἐθείρας.

269 3996 312 4039 ne
327 3982 573 4041 cincinnorum
587 3980 769 4040 iuncturis
782 3981 993 4054 ingruentes
1007 3982 1118 4055 venti,
1133 3997 1248 4041 comas
1262 3980 1395 4041 distra-

268 4074 364 4135 hant.
395 4074 422 4132 Ε
443 4073 545 4145 quibus
567 4073 708 4147 omnibus,
730 4075 793 4147 quis
814 4074 902 4150 dicat,
919 4076 992 4148 quid
1007 4076 1090 4134 unice
1104 4082 1214 4135 certum
1234 4075 1287 4148 sit3
1306 4092 1395 4134 unum
