3108 4662
537 284 540 288 ⁴
629 272 841 339 -xcu-

174 459 337 531 subrideat,
358 476 416 518 non
441 459 573 519 subridet
591 461 639 520 hic
664 462 723 520 alia
749 461 785 519 de
811 477 899 519 cansa
925 466 1013 532 atque
1040 477 1097 532 qua
1117 461 1298 521 Hermanuns

172 568 237 610 eum
258 557 327 624 post
346 569 371 608 v.
389 559 443 611 158
464 552 606 611 ridentem
627 553 704 624 iacit,
727 555 859 611 nimirum
880 555 957 625 qnod
978 560 1022 612 tot
1041 553 1091 610 ille
1112 552 1232 613 dearum
1252 571 1299 614 ve-

171 649 306 703 nustates
329 647 487 718 conspexit.
508 663 562 705 neo
582 649 674 720 magis
695 649 862 707 Hermanno
883 650 1035 717 assentior,
1057 648 1133 719 quod
1147 648 1299 707 Minervae

173 754 327 810 personam
349 738 491 796 dedecere
512 744 597 812 putat
616 742 691 799 buno
711 741 892 814 supplicandi
913 742 1036 815 modum,
1057 749 1089 799 ut
1103 759 1188 800 manu
1201 742 1299 800 Parim

170 831 361 903 prehendat«.
402 832 460 890 Sed
481 840 677 893 vv.135.136
704 849 817 904 quoque
838 833 883 890 vel
903 838 971 905 post
990 833 1184 891 recentiorum
1206 833 1297 892 edito·

171 940 235 993 rum
256 940 342 982 curas
362 925 432 983 vitio
450 941 506 982 uon
521 941 621 983 carere
639 927 747 998 primus
763 927 881 998 egregie
896 926 995 984 docuit
1009 925 1175 997 Schneider,
1189 943 1217 999 p.
1233 932 1298 985 420.

172 1025 243 1075 421:
276 1018 368 1075 »Nam
389 1019 414 1075 si
435 1016 546 1094 κόσμος
559 1018 763 1091 intelligendus
779 1028 823 1077 est
843 1021 949 1077 trium
969 1020 1297 1088 omnium-dearum,

158 1110 279 1191 *debent
293 1112 380 1169 etiam
397 1127 471 1182 quae
485 1114 665 1185 praecedunt
682 1111 841 1190 βλεφάρων
862 1112 951 1177 σέλας
971 1117 1001 1171 et
1021 1111 1100 1190 δειρὴ
1120 1116 1223 1192 χρυσῷ
1240 1111 1299 1169 ‹lnc-

171 1201 260 1281 δαλέη
281 1205 318 1263 de
343 1221 515 1277 unaquaque
539 1207 663 1279 intelligi
691 1206 760 1278 dea,
785 1206 816 1263 id
837 1206 913 1277 qnod
938 1223 1022 1265 nemo
1047 1206 1217 1279 persuaderi
1243 1205 1299 1264 sibi

170 1298 314 1370 patiatur,
346 1300 395 1369 qui
421 1300 594 1370 cogitaverit
617 1299 760 1358 Venerem
786 1300 902 1371 quidem
928 1316 999 1358 auro
1028 1316 1146 1359 ornasse
1173 1315 1218 1366 se,
1245 1299 1298 1356 sed

170 1391 333 1450 Minervam
354 1396 383 1449 et
404 1390 543 1450 Iunonem
564 1376 616 1450 taii
637 1392 778 1450 lenocinio
799 1408 867 1449 usas
889 1407 968 1463 csse,
996 1408 1052 1450 nou
1077 1390 1191 1449 narrari
1211 1408 1236 1447 v.
1252 1398 1298 1450 80.

170 1484 269 1554 itaque
295 1498 381 1554 quum
411 1480 492 1560 δειρὴ
514 1486 618 1560 χρυσῷ
642 1479 778 1560 δαιδαλέη
804 1482 841 1539 ad
862 1482 1005 1540 Venerem
1029 1483 1120 1541 solam
1144 1482 1299 1542 referenda

171 1575 209 1633 sit
229 1576 279 1647 [ad
299 1576 435 1634 Iunonem
456 1579 531 1635 male
552 1578 654 1635 retulit
673 1577 777 1649 Iulien]
799 1582 829 1634 et
850 1575 1012 1652 γλαυκῶν
1030 1574 1189 1652 βλεφάρων
1210 1575 1299 1645 σέλας

171 1669 376 1741 cogitationem
398 1671 541 1743 extemplo
565 1670 603 1727 ad
624 1669 785 1746 γλαυκῶπιν
801 1666 939 1747 Ἀθήνην
965 1670 1091 1741 abripiat
1115 1670 1168 1740 [sic
1188 1672 1297 1743 primns

170 1767 250 1819 recte
265 1761 377 1834 Inlieu]‚
399 1761 511 1836 κόσμος
531 1764 595 1820 inre
617 1763 811 1836 intelligemus
832 1762 869 1820 de
890 1763 988 1834 aliqua
1001 1767 1154 1820 venustate
1168 1765 1297 1836 corporis

170 1855 296 1914 lunonis.
337 1855 413 1926 quod
434 1857 459 1914 si
479 1872 578 1913 verum
599 1861 644 1914 est
672 1888 704 1897 -·
731 1862 761 1914 et
782 1872 835 1928 ego
857 1856 972 1926 quidem
998 1862 1069 1928 puto
1096 1873 1160 1913 esse
1185 1858 1299 1915 varissi-

171 1965 247 2005 mum
269 1981 303 1989 —
326 1956 450 2022 apparet
469 1966 527 2008 non
546 1951 603 2007 iam
623 1951 753 2022 potuisse
774 1968 799 2007 v.
817 1957 870 2008 135
892 1947 1011 2025 πτέρναν
1036 1956 1066 2006 et
1092 1947 1218 2026 ταρσούς
1242 1967 1299 2008 me·

170 2043 287 2113 morari,
308 2043 411 2113 quibus
431 2059 527 2114 neque
548 2044 711 2100 Minervam
731 2049 782 2100 ant
802 2042 944 2100 Venerem
968 2058 1041 2115 prae
1061 2044 1166 2099 ceteris
1187 2045 1298 2116 conspi-

171 2152 239 2193 cuas
266 2143 380 2194 veteres
405 2135 556 2194 finxerunt.
597 2143 627 2194 at
656 2153 713 2194 non
744 2135 902 2208 expulerim
932 2141 1029 2192 tamen
1058 2135 1192 2195 contiuuo
1222 2134 1298 2194 hunc

171 2244 300 2301 versum,
327 2230 381 2286 etsi
402 2231 525 2288 omissus
547 2235 593 2288 est
612 2230 642 2286 in
662 2228 761 2287 codice
781 2229 940 2286 Mutinensi
960 2260 998 2288 ,-
1017 2244 1084 2285 nam
1108 2229 1156 2285 hio
1181 2229 1297 2299 quidem

170 2321 261 2379 codex
282 2321 370 2379 etiam
391 2321 463 2379 alios
480 2321 589 2379 omittit
603 2337 703 2380 versus
719 2321 755 2378 ab
769 2322 888 2392 reliquis
903 2320 1051 2379 codicibus
1066 2326 1206 2394 servatos
1227 2338 1298 2397 quos

168 2420 326 2487 propterea
345 2429 429 2472 nemo
450 2413 534 2472 facile
555 2415 709 2472 reiciat-
731 2414 783 2472 sed
803 2415 1002 2493 reponendum
1023 2431 1087 2472 eum
1108 2431 1212 2474 censeo
1232 2421 1299 2487 post

170 2525 195 2565 v.
212 2515 281 2578 132,
302 2506 352 2580 ubi
372 2508 522 2578 aptissime
543 2507 628 2565 Paris
650 2507 763 2565 dicetur
783 2508 1026 2580 pulchritudinem
1048 2508 1168 2565 dearum
1189 2510 1230 2566 ita
1250 2525 1298 2566 ex-

169 2600 337 2673 ploravisse,
359 2608 391 2657 ut
412 2601 549 2671 cuiusque
572 2601 618 2658 vel
639 2601 727 2658 calcis
748 2606 928 2658 venustatem
950 2606 979 2658 et
992 2602 1157 2672 plantarum
1171 2601 1295 2673 vestigia

171 2698 327 2766 spectaret
351 2708 442 2763 nsque
464 2693 532 2750 dnm
552 2693 696 2751 inveniret
715 2709 790 2764 quae
811 2694 913 2765 cuique
934 2692 1008 2751 deae
1026 2695 1146 2766 propria
1160 2685 1238 2751 esset
1252 2710 1298 2753 ve-

169 2793 279 2859 nustas
299 2786 449 2844 Minervae
471 2787 537 2846 dico
560 2788 658 2845 oculos
679 2787 875 2861 splendentes,
895 2787 1018 2845 Veneris
1039 2788 1158 2860 collum,
1179 2788 1296 2847 Iunonis

168 2880 297 2938 brachia.
322 2897 389 2938 narn
414 2880 534 2939 brachia
554 2875 640 2958 Ἥρης
665 2878 843 2937 λευκωλένου
869 2882 967 2939 statim
993 2882 1072 2939 velut
1097 2898 1113 2939 e
1138 2881 1244 2940 nebula
1267 2884 1298 2940 in

169 2979 354 3045 conspectum
373 2973 528 3046 prodeunt,
551 2975 576 3031 si
596 2990 711 3031 versum
728 2980 782 3032 134
803 2974 1000 3033 coniunximus
1014 2992 1078 3033 curn
1099 2993 1123 3032 v.
1141 2982 1195 3034 136
1217 2973 1297 3046 (κόσ-

165 3085 221 3141 μον
235 3107 334 3122 .....
353 3067 465 3144 χειρῶν
485 3065 672 3141 μειδιόωντα)
693 3068 786 3125 eiecto
801 3083 886 3125 versu
903 3075 955 3127 135
971 3070 1021 3140 qui
1034 3069 1110 3127 male
1123 3071 1179 3128 buc
1192 3071 1296 3142 pedam

168 3161 273 3221 intulit.
305 3175 359 3218 uec
380 3161 484 3216 mirum
504 3160 573 3217 illuc
592 3160 745 3231 irrepsisse
766 3175 845 3231 eum,
870 3167 1030 3233 postquam
1044 3163 1132 3219 semel
1158 3165 1296 3223 mendose

170 3255 309 3326 scriptum
328 3253 384 3311 fuit
406 3251 514 3329 κόσμον
534 3249 702 3331 ἑκάστης.
732 3269 798 3312 nam
818 3255 866 3325 qui
880 3256 1016 3314 omissum
1029 3257 1097 3314 olim
1111 3272 1225 3314 versum
1241 3266 1294 3318 135

169 3348 305 3420 supplere
330 3347 434 3416 voluit,
461 3348 606 3420 supplevit
630 3352 697 3419 post
723 3347 846 3404 alterum
871 3343 1000 3422 ἑκάστης
1025 3351 1061 3418 (v.
1079 3352 1145 3419 134)
1171 3366 1228 3408 uon
1252 3353 1296 3421 uti

169 3438 296 3498 debebat
315 3447 382 3512 post
402 3441 484 3514 prius
506 3444 543 3511 (v.
561 3441 636 3507 132).
667 3440 762 3511 ipsum
786 3445 883 3498 antem
909 3440 980 3497 illud
1006 3439 1115 3515 κόσμον
1139 3437 1296 3522 ἑκάστης

125 3596 129 3599 ,
170 3532 311 3605 quomodo
333 3533 544 3592 emendandum
565 3535 679 3592 sitnon
699 3534 823 3603 invenio,
843 3551 909 3592 nam
930 3533 1039 3610 κόσμον
1054 3532 1178 3612 ἐραστάν
1191 3553 1295 3609 parum

167 3627 275 3699 placet
290 3659 328 3669 -
347 3628 473 3686 Restant
493 3628 583 3686 verba
593 3625 766 3704 μειδιόωντα
780 3627 862 3706 δίκης
875 3625 1069 3705 προπάροιθεν
1082 3625 1198 3701 ἑλοῦσα,
1220 3645 1295 3702 quae

169 3726 201 3777 ut
221 3736 297 3778 nunc
319 3727 386 3778 snut
399 3723 495 3794 posita
509 3721 658 3780 offendunt
672 3721 793 3793 copulae
807 3718 931 3794 deiectu,
952 3738 1037 3793 qnam
1050 3724 1114 3780 inre
1128 3722 1294 3797 Lenuepius

168 3813 276 3886 aliique
296 3816 514 3875 desiderabant.
540 3821 570 3874 et
589 3817 614 3874 si
635 3815 709 3875 adeo
729 3815 799 3873 addi
824 3816 927 3887 copula
952 3817 1049 3888 aliquo
1075 3816 1160 3875 modo
1184 3823 1294 3889 posset,

168 3907 214 3964 vel
239 3909 280 3966 sio
300 3909 416 3968 tandem
438 3909 590 3967 dicendum
612 3915 690 3968 esset
709 3909 792 3967 nimis
810 3910 1000 3983 praecipitem
1014 3915 1129 3982 poetam
1144 3911 1294 3968 transiisse

169 3998 212 4068 ad
228 4000 346 4060 dearum
370 4001 574 4075 promissiones
600 4007 630 4060 et
655 4002 807 4061 illecebras
834 4002 937 4072 quibus
963 4000 1018 4059 sibi
1044 4017 1175 4073 quaeque
1195 4002 1293 4059 Parim

217 4094 243 4134 Ε.
258 4095 340 4143 nbat,
359 4094 483 4137 Colluthns·
1071 4098 1087 4144 5
