3108 4662
590 341 825 406 -125-

298 523 398 605 ποώτη
420 523 574 604 Τρωὶάδονν
594 523 769 604 Κασσάνδρη
788 523 922 603 φοιβὰς
943 510 1069 582 ἰδοῦσα

299 616 408 696 κόσμον
428 616 528 678 ἅπαντ’
552 617 608 678 ἀπὸ
628 617 739 697 κρατὸς
758 614 869 699 ἔχευεν,
889 613 976 677 ἔλυσε
995 616 1030 678 δὲ
1048 617 1162 700 χαίτας,

297 711 387 793 πάντη
406 710 438 770 δ’
456 709 530 772 ἔνθα
549 711 598 770 καὶ
618 708 691 771 ἔνθα
710 709 878 791 ἑλισσομένη
897 712 962 790 περὶ
980 710 1104 791 πύργους

299 805 412 864 πυκνά
431 805 539 886 κόρην
559 805 729 865 τίλλοοσο
748 810 825 866 τοῖον
846 803 950 887 ἑπίαχε
965 806 1069 884 μῦθον.

145 933 292 993 Hermann
311 952 340 1007 p.
355 941 392 993 22
412 932 584 1013 Κασσάνδρη
604 930 776 1012 θεάφοιτος,
801 929 850 992 ἀπ’
879 932 1063 1013 ἀκροπόληος
1089 933 1190 993 ἰδοῦσα
1209 952 1268 994 om·

144 1029 213 1088 nino
233 1028 414 1087 scribendum
435 1044 500 1089 esse
519 1029 592 1089 dixit
609 1029 753 1104 probante
770 1030 930 1090 Toumerio
950 1047 979 1103 p.
994 1037 1040 1103 48,
1060 1046 1155 1102 neque
1173 1035 1271 1091 tamen

145 1121 292 1194 vulgatam
318 1120 448 1197 deseruit
471 1123 573 1182 Lehrs.
613 1124 678 1196 Ego
704 1122 857 1200 νεόφοιτος
887 1125 989 1197 scripsi
1015 1123 1052 1182 ad
1078 1124 1271 1197 Trypbiodori

145 1213 325 1286 laeuaeque
358 1216 533 1289 exemplum,
563 1216 615 1275 sed
640 1213 797 1292 θεόφοιτος
820 1215 962 1275 reducere
990 1233 1047 1275 non
1078 1232 1140 1274 snm
1161 1231 1267 1289 ,auena

146 1324 210 1369 cum
230 1308 317 1368 etiam
336 1309 366 1367 in
386 1309 552 1383 vulgaribus
565 1309 762 1383 Tryphiodori
782 1309 929 1369 codicibus
949 1306 1101 1385 νεόφοιτος
1121 1313 1209 1368 extet.
1233 1342 1266 1352 -

145 1396 191 1460 ἐπ’
215 1401 299 1462 codd.
321 1407 350 1461 et
374 1402 440 1461 edd.
460 1418 559 1463 omues
583 1408 703 1476 praeter
727 1403 925 1477 Stephanum,
951 1404 1001 1476 qui
1025 1402 1168 1477 probante
1193 1401 1268 1462 Her·

145 1512 250 1556 manno
269 1514 297 1570 p.
313 1504 350 1555 22
371 1503 401 1556 et
420 1496 579 1557 Touruerio
599 1515 627 1571 p.
642 1503 697 1570 48,
722 1501 803 1557 recte
828 1495 880 1555 ἀπ’
901 1497 1000 1557 edidit.
1040 1497 1072 1555 In
1092 1497 1224 1568 margine
1245 1495 1269 1555 P

146 1589 214 1648 libri
234 1583 287 1646 ἀπ’
306 1605 420 1649 erasum
442 1606 506 1649 esse
525 1590 648 1649 videtur.
670 1600 706 1635 -⁴-
727 1592 908 1671 ἀκροπολῆος
920 1593 962 1662 Μ,
984 1588 1163 1669 ἀκροποληος
1176 1589 1215 1662 V;
1236 1621 1270 1631 —

146 1682 208 1743 893
229 1682 328 1763 τροίης
347 1681 375 1741 δ’
398 1685 440 1758 M,
461 1681 587 1765 τροίηά
612 1702 648 1745 ex
668 1685 747 1765 τροίη
767 1683 797 1743 δ’
819 1686 856 1760 03
875 1686 937 1764 τοίη
951 1687 989 1759 (23
1010 1681 1038 1742 δ’
1062 1690 1166 1759 postea
1185 1681 1268 1743 addi-

147 1783 207 1836 tum
228 1783 274 1837 est
292 1779 322 1836 in
341 1780 383 1851 N;
403 1777 550 1856 οφιδὸμονν
569 1779 618 1852 Μ;
641 1779 752 1838 πολέων
775 1781 809 1840 Μ
834 1786 864 1839 et
884 1780 949 1840 edd.
970 1786 1039 1839 aute
1058 1779 1198 1853 Lcnnep.‚
1218 1776 1267 1859 πά

10 1894 11 1933 ;
149 1869 221 1930 auu
234 1871 269 1944 v,
288 1870 399 1949 κρέων
413 1874 452 1946 ο;
472 1856 588 1952 κληῖδος
600 1874 642 1947 u,
668 1872 786 1953 κηρας
799 1874 833 1947 ν,
854 1873 971 1953 προσ
990 1871 1239 1945 acunrosw
1252 1891 1271 1927 π

67 2037 71 2044 Δ
147 1964 229 2024 Harl.
250 1997 287 2008 -
307 1964 371 2025 394
384 1964 670 2045 δεξοτονοστησαντα
682 1967 729 2041 Μ;
749 1968 861 2047 πολίτην
874 1968 948 2042 Mo.
978 1969 1172 2042 Subscriptio:
1187 1963 1273 2031 τέλος

148 2059 201 2138 τῆς
225 2061 276 2139 τῆς
301 2060 365 2133 (τοῦ
384 2061 424 2134 R)
448 2057 548 2140 ἑλένης
572 2058 684 2182 (ξλένης
704 2062 739 2133 O)
765 2061 894 2143 άοπαγῆς
916 2062 1085 2135 Annon,
1111 2059 1196 2125 τέλος
1221 2059 1273 2138 τῆς

149 2187 200 2266 τῆς
220 2185 349 2265 ἁρπαγῆς
369 2189 421 2267 τῆς
438 2183 539 2267 ἑλένης
558 2189 713 2249 κολουθίοο
732 2192 770 2261 L,
798 2189 882 2258 τέλος
906 2194 959 2248 τοῦ
982 2188 1046 2267 περὶ
1070 2189 1123 2268 τῆς
1141 2185 1272 2266 άοπσηῆς

150 2280 201 2359 τῆς
221 2280 420 2359 καλλιπάρειος
438 2279 538 2361 ἑλένης
557 2284 630 2359 SW,
654 2281 699 2343 ἐπὶ
718 2283 849 2364 φοάσκης
869 2302 1033 2362 κρατοοσης
1052 2283 1092 2358 Ρ,
1116 2280 1200 2347 τέλος
1220 2281 1274 2338 τοῦ

149 2371 284 2433 ἐποποιοῢ
303 2380 356 2434 τοῦ
376 2373 526 2435 Κολοάθοο
547 2383 600 2435 τοῦ
614 2377 729 2458 Ἑλένης
747 2376 860 2457 άοπσιγη
881 2378 1050 2456 λελεγμένου
1070 2376 1105 2437 G.
