3108 4662
627 298 841 362 ..97-

165 482 201 541 ab
222 482 334 542 Iuliano
355 489 385 541 et
405 483 535 543 Lehrsio.
566 478 654 560 αὐλῆς
680 482 809 542 defendit
830 484 989 544 Schneider
1008 503 1037 559 p.
1059 490 1125 559 427,
1147 488 1215 559 quia
1234 488 1291 546 Pa-

164 576 257 634 ridem
281 593 352 649 »par
373 582 437 635 erat
457 578 616 635 consistere
634 572 682 633 ἐπὶ
706 575 866 654 προθύροις
885 575 971 634 οὐδοῦ
991 574 1033 635 ἐπ’
1061 576 1173 636 αὐλείου
1195 581 1292 651 (Hom.

166 669 220 728 Od.
241 671 255 728 Ι
278 677 331 729 103
350 686 392 740 sq.
414 670 447 726 Il.
468 670 524 741 XI,
546 672 601 728 tra
618 673 692 741 sqq.)
703 654 732 725 'i
753 685 778 727 e.
800 670 828 727 in
849 671 947 728 limine
967 671 1114 729 interioris
1134 667 1236 749 οὐλῆς,
1261 675 1292 731 in

165 779 223 834 qua
244 763 319 822 lovis
335 761 466 838 Ἑρκείου
491 779 543 820 ara
567 761 637 828 fuit,
661 779 718 820 non
743 765 896 821 exterioris
921 763 951 819 in
977 779 1034 834 qua
1059 762 1174 822 stabula
1199 773 1303 824 erant

165 856 245 913 illam
272 856 376 915 relicto
403 855 530 913 thalamo
555 855 687 927 ingressa
712 856 824 913 Helena
851 859 895 924 (ut
920 862 1090 928 precaretur
1114 858 1216 929 opinor
1241 864 1292 917 aut

167 966 252 1008 sacra
271 947 382 1007 faceret
407 949 444 1005 ad
464 948 540 1006 Iovis
567 952 658 1018 aram)
685 964 770 1018 quum
791 948 889 1004 Parim
917 948 1037 1006 vidisset
1062 948 1100 1007 ad
1124 951 1291 1010 ulteriorem

166 1046 280 1116 portam
307 1049 433 1101 stantem
458 1043 568 1099 intrare
594 1042 678 1099 iussit
703 1043 732 1098 in
757 1041 832 1099 hanc
857 1044 949 1116 ipsam
975 1038 1060 1119 αὐλὴν
1087 1050 1115 1102 et
1140 1040 1175 1109 ἐς
1197 1043 1291 1125 μυχὸν

166 1131 271 1213 ἤγαγεν
291 1134 406 1212 οὐλῆς.
447 1137 488 1193 ita
509 1137 583 1193 enim
608 1140 688 1192 reete
713 1134 821 1193 babent
845 1136 938 1194 libri«
963 1169 999 1178 —
1023 1137 1080 1195 Sed
1104 1154 1290 1210 campanum

165 1231 316 1304 probabile
331 1229 369 1287 sit
381 1228 524 1285 Helenam
540 1243 603 1284 cum
624 1226 737 1298 hospite
758 1227 787 1283 in
808 1228 875 1285 aula
896 1226 1049 1306 νεοπηγέος
1073 1226 1182 1307 ὑψόθεν
1203 1225 1292 1308 ἕδρης

166 1323 310 1403 ἀργυρέης
330 1325 366 1382 de
386 1324 473 1383 rebus
491 1323 690 1382 secretissimis
705 1321 918 1383 confabulatum
935 1340 1009 1397 esse,
1034 1331 1064 1383 et
1077 1325 1109 1381 M
1123 1324 1190 1382 libri
1204 1325 1290 1383 lectio

166 1419 267 1494 αολην,
289 1419 412 1489 quaein
434 1417 626 1475 deterioribus
647 1416 728 1474 libris
748 1418 779 1473 in
802 1413 889 1493 οὐλῆς
908 1423 1039 1475 correcta
1058 1422 1116 1485 est,
1141 1417 1219 1476 hanc
1244 1436 1291 1477 vo·

166 1529 227 1570 cem
242 1527 278 1570 ex
297 1529 323 1568 v.
339 1518 392 1569 255
414 1511 470 1568 huc
489 1512 669 1583 immigrasse
690 1517 722 1568 ut
742 1528 887 1569 sumamus
908 1510 1024 1582 efficiat,
1048 1514 1145 1585 recepi
1163 1511 1291 1570 Bekkeri

166 1607 359 1665 coniecturam
390 1605 549 1663 Toumerio
579 1621 692 1676 quoque
723 1608 762 1677 (p.
789 1612 838 1674 32)
868 1606 1028 1677 probatam.
1064 1639 1095 1646 —
1130 1604 1193 1663 258
1225 1623 1291 1681 ερε-

167 1729 302 1808 δρησσειν
315 1732 357 1803 Μ,
377 1727 549 1807 ε’φεδρησειν
566 1731 697 1802 NPRS,
719 1694 901 1808 dpmdpp'oscn
916 1733 939 1803 Q
955 1743 1039 1802 (corr.
1059 1749 1095 1789 m.
1110 1736 1190 1804 see),
1210 1728 1291 1808 ἐφαι-

169 1822 301 1902 δρησσειν
322 1825 356 1882 A.
394 1824 569 1898 Vocabulum
590 1820 781 1901 ἐφεδρήσσειν
803 1825 872 1882 alibi
893 1840 1006 1896 quoque
1027 1833 1063 1899 (v.
1086 1842 1109 1883 c.
1131 1826 1160 1882 in
1180 1825 1290 1884 Antho-

165 1918 244 1989 logia
267 1917 401 1975 Palatina
429 1922 459 1975 et
484 1915 561 1988 apud
586 1917 731 1984 Nonnum)
758 1923 857 1974 extare
883 1919 1033 1990 ignorans,
1059 1917 1219 1995 έρεδριῖειν
1245 1920 1290 1976 vel

165 2007 352 2085 ἐρεδρίσσειν
366 2012 467 2083 reponi
485 2011 569 2067 iussit
582 2011 710 2082 Lenuep.
729 2045 760 2051 -
777 2006 864 2088 ἕδρης
877 2011 949 2082 AL3
965 2045 998 2052 -
1016 2010 1079 2070 259
1093 2011 1236 2089 ἀργυρεης
1249 2012 1289 2081 Μ,

167 2102 308 2181 ἀργυρέος
329 2103 356 2173 S,
379 2099 520 2179 ἀργύρεος
539 2103 579 2173 V3
600 2098 763 2175 ἐπέστελλε,
785 2109 817 2160 ut
837 2103 894 2161 vid.
917 2104 955 2174 Ως
978 2136 1010 2145 -
1034 2100 1165 2182 οὐκεῖχεν
1186 2104 1232 2175 Μ;
1255 2138 1287 2146 -

167 2197 233 2258 260
260 2195 321 2254 ἀλλ’
346 2195 397 2254 ὅτε
421 2198 581 2269 MALNQ
608 2204 637 2256 et
663 2197 727 2254 edd.
754 2204 822 2254 ante
849 2197 992 2269 Lenuep.,
1020 2198 1068 2268 qui
1096 2197 1172 2268 quod
1197 2197 1292 2254 Daus-

167 2294 268 2364 queius
289 2293 461 2364 coniecerat,
482 2288 609 2350 et'ors
630 2291 747 2361 habent,
768 2287 872 2347 ἄλλοτε
892 2291 1012 2362 recepit.
1048 2290 1143 2349 »Nihil
1164 2290 1290 2362 suspecti

166 2385 289 2444 haberet
309 2385 355 2443 hic
372 2384 465 2456 locus,
486 2385 510 2441 si
530 2386 677 2457 legeretur
698 2379 800 2439 ἄλλοτε
818 2380 880 2457 μέν.
915 2382 998 2452 Quod
1018 2382 1085 2439 libri
1105 2399 1202 2442 omnes
1224 2374 1294 2455 [ll]

165 2479 276 2537 habent
296 2476 400 2535 ἄλλοτε
420 2477 470 2554 δή,
493 2495 596 2537 vereor
616 2494 652 2535 ne
673 2477 852 2535 scribendum
874 2476 912 2532 sit
932 2473 1036 2531 ἄλλοτε
1055 2473 1102 2547 δέ,
1124 2476 1291 2535 exciderent

169 2579 266 2630 autem
293 2574 403 2644 aliquot
428 2588 541 2641 uersus,
568 2571 597 2628 in
622 2571 725 2641 quibus
750 2567 872 2626 fortasse
897 2585 959 2625 cum
984 2567 1118 2638 Apolline
1143 2584 1290 2640 compara-

167 2665 254 2723 batur
266 2666 359 2739 Paris,
380 2667 479 2723 omissi
499 2665 541 2722 illi
562 2680 615 2736 per
628 2662 843 2734 negligentiam,
866 2660 1019 2718 aberrante
1034 2658 1117 2716 oculo
1133 2659 1170 2716 ad
1185 2656 1289 2716 ἄλλοτε

168 2757 202 2816 δὲ
228 2760 264 2817 ab
291 2757 395 2817 cillere
422 2760 489 2835 μέν,
515 2759 592 2830 quod
612 2759 743 2830 superius
768 2756 894 2828 positum
919 2752 1070 2826 neglexit«
1111 2751 1289 2810 Hermann

156 2846 195 2925 p.
213 2860 258 2925 19,
279 2857 326 2912 cui
346 2855 500 2914 obsecutus
522 2872 546 2911 v.
563 2862 618 2913 260
640 2849 744 2908 ἄλλοτε
765 2848 798 2909 δὲ
819 2850 936 2923 scripsit
955 2855 985 2908 et
998 2847 1119 2907 lacunae
1134 2853 1200 2907 ante
1214 2846 1289 2905 huuc

167 2964 282 3005 versum
303 2949 415 3020 signum
436 2950 533 3021 posuit
552 2949 654 3006 Lehrs.
695 2947 753 3006 Sed
772 2952 852 3004 recte
875 2950 976 3003 contra
997 2943 1154 3003 Schneider
1173 2960 1202 3015 p.
1223 2947 1288 2999 441.

167 3046 239 3098 442:
267 3041 417 3113 nequidem
439 3050 611 3100 tamennon
631 3042 728 3112 video,
754 3058 804 3098 eur
824 3044 988 3112 suspectam
1007 3038 1129 3097 habeam
1150 3038 1288 3104 voculam,

166 3125 251 3191 modo
271 3150 308 3191 ne
329 3134 366 3191 ad
387 3151 472 3191 unum
494 3131 598 3190 ἄλλοτε
619 3139 664 3204 (ut
683 3135 712 3190 in
726 3134 758 3191 11.
780 3141 825 3205 13,
842 3135 896 3191 tte
917 3129 1020 3189 ἄλλοτε
1041 3131 1075 3209 δη
1094 3150 1163 3189 ποτε
1181 3129 1288 3205 μᾶλλον

167 3223 297 3302 ἐρωῆσαι
316 3225 462 3302 πολέμοιο)
489 3228 541 3285 sed
567 3227 603 3284 ad
628 3233 718 3284 totam
744 3227 970 3284 enuntiationem
994 3224 1141 3284 referatur
1160 3226 1189 3281 in
1213 3223 1289 3280 hunc

165 3320 297 3378 mudum:
317 3337 385 3379 uon
405 3322 542 3379 satiata
557 3325 612 3378 est
630 3319 807 3392 adspectu
826 3320 979 3388 invenis,
1001 3320 1093 3377 alias
1114 3317 1289 3377 videlicet

166 3410 1287 3486 Cythereaeseputansfiliumvidere,saepeautemBacchum.

167 3521 232 3563 nam
254 3502 358 3562 ἄλλοτε
377 3512 406 3564 et
418 3505 538 3562 πολλάκι
558 3503 593 3561 δέ
611 3505 788 3577 respondere
807 3505 863 3562 sibi
884 3510 1016 3576 apertum
1033 3508 1078 3562 est
1098 3503 1186 3578 [quae
1201 3504 1288 3562 etiam

169 3597 310 3671 Lennepii
331 3606 395 3657 erat
415 3599 571 3671 sententia]
592 3603 625 3655 ut
642 3603 709 3670 post
722 3594 868 3675 φαρέτρην
882 3614 938 3657 nou
953 3598 1094 3656 maximae
1108 3597 1160 3655 sed
1174 3597 1288 3655 mediae

167 3691 392 3764 interpunctioni
417 3692 497 3751 locus
522 3692 574 3764 sit,
600 3691 713 3749 etiamsi
736 3705 755 3747 a
777 3690 932 3762 participio
958 3687 1092 3767 δὶσαμένη
1112 3689 1288 3749 adverbum

162 3781 290 3842 ediusus
310 3786 418 3844 transit
437 3786 540 3858 oratio,
561 3783 637 3856 quod
654 3783 683 3839 in
698 3782 838 3841 eiusmodi
852 3782 1003 3841 verborum
1018 3787 1164 3841 structura
1176 3800 1233 3841 non
1245 3783 1290 3839 in-

166 3878 306 3936 usitatum
325 3877 415 3937 fuisse
430 3879 550 3938 Graecis
571 3882 685 3936 constat
698 3876 765 3934 inde
785 3875 821 3934 ab
835 3875 971 3948 Homero,
993 3892 1009 3933 e
1027 3892 1083 3947 quo
1097 3877 1228 3949 exempla
1242 3882 1290 3935 sat

163 3970 256 4028 inulta
282 3970 365 4029 dedit
384 3970 538 4029 Bekkerus
563 3971 592 4026 iu
611 3968 841 4028 Monatsbericht
866 3968 919 4026 der
943 3967 1034 4027 Acad.
1060 3968 1087 4029 d.
1112 3969 1289 4031 Wissenscb.

215 4064 241 4104 a.
255 4064 338 4111 usai,
357 4063 479 4107 connisus.
1067 4061 1084 4114 7
