3122 4656
614 324 825 385 ...49-

160 507 285 567 nuncin
304 508 445 581 Koechlyi
471 507 599 567 editione
618 515 708 580 recte,
729 515 761 567 ut
781 508 904 580 videtur,
925 507 1030 567 divulsi
1049 508 1123 566 alius
1143 508 1200 567 alio
1221 508 1285 568 loeo

155 603 299 675 leguntur.
344 602 510 661 Hermanno
541 608 639 661 tamen
671 621 700 676 p.
727 609 772 661 13.
805 610 840 661 13
872 602 1011 661 Wernihe
1039 600 1094 660 hoc
1127 602 1191 673 ipso
1221 602 1285 660 loeo

162 702 328 768 comparato
349 711 442 768 paene
462 696 597 768 probavit
615 697 751 769 mutilum
769 713 832 755 esse
848 696 973 756 Colluthi
994 701 1104 753 textum
1124 695 1285 766 vulgatum,
1347 694 1351 703 “

156 795 314 861 praeterea
340 790 386 847 »in
414 788 478 848 cod.
498 790 572 848 Mnt.
594 790 670 862 qnod
696 792 817 863 legitur,
844 789 892 847 καί
912 787 1016 866 πτερὸν
1037 787 1203 862 λόονόέντα,
1229 789 1285 847 etsi

157 881 250 939 videri
270 885 369 954 potest
390 896 425 938 ex
445 879 495 937 καλ
513 881 618 960 περόνη
638 878 764 939 θυόεντα
784 890 950 956 corruptum
972 899 1050 955 esse,
1076 886 1174 940 tainen
1198 888 1231 941 ut
1255 883 1285 939 in

155 973 236 1045 loco,
262 975 291 1030 in
311 989 367 1044 quo
389 975 451 1031 sine
478 973 617 1031 librorum
642 974 749 1032 auxilio
775 974 846 1032 nihil
873 975 946 1032 oerti
971 974 1068 1032 afferri
1092 978 1203 1046 potest,
1228 990 1285 1033 non

154 1066 269 1124 omnino
290 1066 460 1138 spreverim.
491 1064 576 1137 Nam,
597 1069 630 1121 ut
647 1071 715 1138 post
734 1063 784 1121 καὶ
802 1068 906 1144 περόνη
928 1067 1091 1124 exciderint
1109 1067 1214 1124 similia
1227 1067 1285 1124 illis

155 1158 233 1231 apud
247 1160 390 1230 Nonnum‚
406 1158 480 1215 nihil
493 1158 616 1230 impedit
629 1160 698 1230 quin
713 1159 817 1217 deinde
833 1161 892 1218 tale
907 1160 977 1232 quid
1000 1161 1115 1221 dederit
1131 1160 1284 1220 Ooluthus:

350 1300 398 1359 καλ
417 1299 523 1360 πλόκον
544 1299 698 1359 ἷδυνδέντα
718 1301 899 1381 διαστησασα
919 1303 1047 1379 κομάων,

159 1435 236 1507 qnod
254 1436 349 1509 ipsum
369 1437 462 1496 videri
481 1443 580 1510 potest
599 1454 768 1510 expressum
796 1455 860 1496 esse
890 1455 925 1497 ex
945 1440 1040 1497 Nonni
1065 1440 1161 1507 uerbis
1182 1438 1284 1499 eodem

155 1529 219 1588 loeo
240 1537 316 1590 112
360 1529 480 1587 πολλάκι
500 1528 524 1586 δ’
544 1529 685 1596 ἷσάζουσα
705 1528 874 1607 καθειμένον
895 1528 965 1610 ἄχρι
982 1528 1118 1608 μετώπου

359 1619 535 1700 πλαζομένης
556 1617 663 1699 ἔστησε
679 1621 826 1701 μετηλοδα
847 1622 956 1699 κόσμον
977 1621 1121 1702 ἐδειρηςα(
1164 1625 1220 1697 Qui
1242 1626 1284 1685 lo·

155 1733 206 1774 ons
235 1732 311 1773 nuno
339 1716 426 1788 longe
457 1715 544 1773 aliter
569 1716 678 1788 legitur
702 1717 781 1789 apud
805 1717 992 1790 Koechlyum.
1039 1718 1165 1777 colluthi
1189 1719 1284 1777 locum

153 1810 336 1868 sanissimum
356 1826 420 1869 esso
446 1811 561 1884 putavit
580 1811 739 1870 Schneider
757 1829 786 1884 p.
801 1818 866 1869 434.
888 1819 960 1883 4353
989 1828 1076 1870 »nam
1100 1810 1205 1890 περόνη
1229 1830 1284 1873 vox

154 1904 242 1962 etiam
256 1903 294 1962 ad
308 1903 428 1976 capillos
442 1902 594 1962 transferri
608 1905 717 1976 potuit,
738 1912 771 1962 ut
789 1902 897 1962 factum
918 1906 947 1961 in
962 1902 1089 1977 cognata
1109 1922 1179 1965 voce
1191 1904 1284 1984 πόρπη

155 1995 234 2069 apud
253 1996 373 2055 Lucian.
395 1996 431 2055 de
453 1997 527 2056 dom.
551 2004 582 2056 ‘It
602 1997 695 2073 πόρπη
716 2015 759 2062 τις
778 1991 795 2072 ἢ
816 1997 909 2054 ταινίαι
934 1995 968 2052 τὸ
994 1996 1101 2074 ἄφετον
1122 1999 1174 2075 τῆς
1193 1996 1284 2076 κόμης

157 2088 325 2148 συνδέουσα.
358 2091 428 2163 [Ubi
442 2098 539 2150 tamen
552 2095 620 2164 post
631 2089 724 2168 πόρπη
737 2106 849 2149 comma
863 2091 933 2163 poni
947 2107 1033 2163 posse
1047 2092 1120 2150 vidit
1132 2092 1282 2160 Tournier‚

153 2201 182 2257 p.
198 2192 244 2258 20,
266 2185 314 2256 qni
335 2186 432 2258 aptius
457 2182 570 2243 confert
589 2183 675 2257 Verg.
696 2184 769 2241 Aen.
791 2183 845 2241 VII
868 2190 1020 2242 815-816
1044 2183 1209 2242 »1111111
1229 2184 1283 2241 ori·

153 2294 218 2336 nem
243 2278 323 2338 Auro
349 2278 561 2352 internectato]
611 2276 694 2348 Quod
719 2281 817 2336 autem
848 2275 964 2336 Graefio
990 2277 1140 2336 offensioni
1165 2276 1282 2335 fuerunt

153 2372 323 2430 coniunctae
343 2376 428 2432 noces
448 2368 598 2445 πλόκαμος
625 2376 655 2428 et
671 2368 773 2447 χαίτη,
799 2386 856 2428 non
881 2368 992 2428 faciunt
1019 2370 1135 2442 quidem
1161 2371 1282 2430 multum

157 2465 195 2524 ad
216 2463 369 2524 defendum
391 2465 448 2525 duo
467 2464 607 2536 Hesychii
631 2464 689 2522 loci
714 2466 792 2533 (nam
820 2463 877 2522 dno
904 2470 984 2535 sunt,
1006 2481 1064 2524 non
1083 2468 1183 2537 unns),
1210 2481 1281 2536 quos

158 2560 292 2618 attulisse
306 2558 423 2616 iuliano
436 2556 524 2615 laudo
537 2556 626 2615 vertit
639 2555 820 2613 hermannus
841 2556 882 2631 [p.
899 2559 960 2628 131:
981 2554 1134 2631 πλόκαμοι·
1149 2554 1282 2614 κόνδυλον

160 2653 267 2732 τριχῶν
286 2648 479 2737 πεπλεγμένοι,
500 2656 543 2709 et:
563 2649 663 2728 χαίτη·
684 2647 702 2727 η
722 2645 767 2705 ἐπὶ
786 2645 837 2704 τοι)
851 2645 997 2726 1τραχήλου
1011 2647 1086 2726 θρίξ,
1107 2649 1210 2721 quibus
1224 2666 1281 2709 non

154 2746 305 2820 probatur,
326 2745 403 2817 qnod
427 2744 546 2819 probari
564 2743 689 2818 putabat
708 2743 856 2815 Julianus,
876 2759 934 2801 non
954 2757 1112 2814 synonyma
1132 2758 1196 2800 esse
1215 2740 1281 2798 πλό-

154 2859 249 2912 καμος
269 2844 299 2897 et
315 2838 413 2917 χαίτη,
432 2844 466 2896 ut
486 2845 610 2909 unaque
630 2853 684 2896 vox
705 2836 840 2908 coniungi
859 2837 961 2908 possit.
1000 2840 1131 2908 poterat,
1152 2840 1185 2893 ut
1204 2835 1280 2908 quod

155 2932 272 2992 volebat
290 2933 443 3006 probaret,
467 2932 557 3005 priori
577 2928 716 3002 Hesychii
737 2930 850 3002 glossae
872 2945 1018 3002 apponere
1044 2929 1130 2987 aliam
1151 2929 1281 2987 eiusdem

152 3028 351 3100 lexicographi
376 3028 464 3085 hano:
487 3028 600 3104 χαῖται·
626 3024 657 3081 αἱ
680 3023 875 3103 κεχυμέναι
900 3023 1013 3101 τρίχες,
1038 3023 1090 3081 sed
1110 3023 1282 3097 praestabat

155 3120 312 3180 admonere
332 3120 387 3179 loci
410 3119 566 3190 Homerici,
586 3119 621 3175 Il.
644 3121 693 3191 17,
715 3126 750 3177 51
771 3115 873 3192 abrasi
887 3116 916 3173 οί
934 3113 1051 3175 δεύοντο
1071 3116 1181 3194 κόμαι
1197 3117 1282 3196 χαρί-

152 3231 249 3271 τεσσιν
269 3211 364 3290 όμοῖαι
383 3210 542 3290 πλοχμοί
555 3206 585 3268 δ’
609 3209 640 3267 οἳ
655 3215 759 3288 χρυσῷ
776 3230 809 3267 τε
829 3209 877 3266 καλ
898 3205 1017 3287 ἀργύρῳ
1036 3207 1236 3288 ἐσφηκωντοα

230 3306 347 3375 Melius,
368 3312 448 3380 puto,
468 3304 505 3362 de
518 3303 573 3364 hoo
586 3304 650 3363 loco
668 3304 813 3362 sentiebat
827 3301 958 3361 Graefius
972 3321 999 3376 p.
1015 3309 1084 3361 244:
1107 3302 1279 3362 »Coluthnm

154 3413 191 3456 ex
211 3398 300 3457 allato
313 3397 409 3457 Nonni
429 3397 493 3457 loco
508 3396 662 3455 emendare
676 3395 802 3454 debebat
814 3395 991 3453 Wemikins
1021 3394 1184 3453 Admodum
1204 3396 1279 3453 enim

154 3503 307 3566 suspectus
327 3492 416 3563 genii.
447 3488 580 3566 κομάων,
605 3478 673 3549 ante
692 3488 859 3566 πλοκάμους
883 3506 908 3547 v.
931 3505 953 3546 3.
980 3495 1011 3547 31
1033 3487 1149 3565 χαίτην,
1176 3495 1206 3548 31
1230 3490 1279 3560 qui

98 3626 104 3635 .
151 3602 177 3642 v.
195 3592 250 3643 134
277 3589 362 3643 acute
389 3584 561 3644 emendabat
586 3582 696 3660 κόσμον
723 3580 841 3663 ἐδείρης
867 3588 910 3655 (et
936 3584 1048 3643 acutius
1073 3581 1093 3639 1.
1115 3599 1191 3642 cens.
1212 3583 1278 3641 Hal.

151 3675 259 3753 κόσμια
276 3676 394 3755 χαίτης)
415 3694 473 3737 non
492 3677 624 3750 videbat,
649 3679 779 3749 ineptum
797 3676 900 3755 χαίτην
926 3695 952 3735 v.
967 3684 1003 3736 33
1025 3693 1041 3735 ο
1061 3694 1086 3737 v.
1103 3683 1157 3736 133
1184 3693 1279 3736 emen·

153 3769 280 3829 dandum
301 3767 387 3831 esset
418 3771 489 3843 Quis
510 3772 586 3830 enim
606 3772 648 3829 sio
667 3772 770 3841 iungat
788 3768 956 3846 πλοκάμους
976 3776 1006 3829 et
1022 3768 1135 3848 χαίτην,
1157 3772 1213 3830 etsi
1231 3771 1278 3831 1ο.

152 3863 343 3923 (1111134
369 3880 426 3924 non
451 3865 541 3924 multo
567 3864 671 3923 melius
690 3862 856 3939 πλοκάμους
882 3869 912 3924 et
938 3863 1046 3942 κόρσην
1072 3865 1172 3923 iunxit.
1211 3865 1278 3924 iarn

152 3954 318 4032 πλοκάμους
337 3956 424 4016 facile
444 3962 538 4015 mutes
558 3957 588 4014 in
607 3955 752 4034 παλάμας;
773 3957 825 4015 sed
845 3958 897 4015 l.l.
914 3964 968 4016 133
983 3974 1004 4015 s.
1027 3974 1161 4016 unacum
1175 3959 1277 4018 Nonne

151 4055 302 4123 monstrat,
323 4049 507 4109 scribendum
527 4066 606 4110 esso:

199 4143 225 4184 Ε.
239 4143 323 4192 Abel,
342 4143 467 4186 Collutbus.
1055 4145 1073 4195 4
