3108 4662
779 305 991 367 ..94-

320 510 348 565 p.
361 498 416 550 253
428 486 589 566 σκυζομένη
600 489 629 546 in
643 486 809 566 κυσσοιμένη
819 490 941 549 mutavit
953 494 984 548 et
996 490 1088 550 locum
1100 490 1143 548 sic
1153 490 1322 564 explicavit:
1345 490 1444 563 »Hya-

319 583 411 643 cinthi
436 583 680 656 pulchritudinem
705 583 748 641 ita
773 582 990 641 admirabantur
1014 583 1176 655 Amyclaei,
1205 588 1244 642 ut
1270 599 1359 655 eum,
1384 600 1444 642 non

323 693 407 736 secus
422 693 456 734 ac
469 676 642 750 Apollinem,
662 675 758 734 Iovis
780 681 815 732 et
827 674 989 734 Latonae
1003 673 1119 733 lilium
1138 680 1313 749 putarent.
1339 676 1444 748 Itaque

320 768 461 849 ἀνήγαγεν
474 770 522 828 hic
535 774 581 829 est
594 768 637 833 εἷς
651 767 718 844 φῶς
737 762 850 844 ἤγαγεν,
871 762 980 826 ἔτεκεν.
1009 767 1167 842 Participio
1188 767 1353 846 κυσσαμένη
1373 775 1444 843 apte

321 863 437 922 additus
458 868 504 922 est
524 863 638 921 dativus
660 859 726 932 (Διΐ)
747 878 794 934 ap.
814 861 897 921 Hom.
918 860 956 919 ad
982 857 1200 938 ὑποκυσσαμένη
1225 861 1444 935 subintelligen-

323 957 385 1030 dus,
406 957 439 1015 11.
461 955 481 1022 ζ
491 964 537 1015 26.
559 962 655 1014 υ225.
677 954 731 1014 Od.
753 953 847 1014 lma
877 955 960 1028 Hym.
980 954 1093 1013 XXXII
1114 961 1158 1013 15.
1189 954 1315 1028 Simplex
1335 974 1444 1013 κυσσα-

316 1048 389 1126 ρένη
409 1050 466 1108 vid.
487 1066 533 1123 ap.
555 1050 624 1108 Hes.
645 1048 791 1120 Theogon.
814 1054 877 1106 125.
898 1054 962 1106 405.
1002 1048 1042 1106 Et
1066 1047 1109 1106 sic
1135 1045 1352 1124 inenarrandae
1378 1064 1444 1107 cum

318 1144 380 1202 dat.
402 1143 475 1201 dixit
489 1142 577 1214 Orph.
593 1142 662 1213 Arg.
686 1147 749 1199 189.
781 1139 934 1198 Caeterum
954 1158 970 1194 υ
990 1139 1112 1212 produci
1132 1144 1238 1199 natura
1258 1156 1311 1199 sua
1329 1141 1444 1214 Heyuio

321 1237 359 1295 ad
373 1236 391 1293 l.
406 1236 491 1296 Hom.
505 1235 593 1307 prior.
607 1250 664 1292 nou
678 1232 877 1291 crediderim«
908 1232 955 1291 Ad
969 1228 1015 1288 Διῒ
1026 1229 1169 1309 κυσαμένη
1189 1233 1327 1292 tuendum
1341 1236 1444 1294 melius

230 1383 234 1391 .
319 1328 453 1388 Graefius
475 1328 690 1402 provocavisset
716 1325 754 1384 ad
773 1326 873 1384 Asium
897 1322 932 1382 ir.
946 1326 965 1382 l.
980 1325 1025 1384 cd.
1046 1325 1141 1384 Ddbn.
1163 1323 1235 1403 Ζηνί
1243 1345 1276 1383 τε
1297 1324 1445 1405 κυσαμένη

321 1421 370 1479 καὶ
386 1419 511 1479 Ἐπωπέι·
531 1420 639 1496 ποιμένι
664 1418 749 1476 λαῶν.
790 1415 897 1477 Graefii
922 1418 1130 1487 coniecturam,
1156 1434 1243 1490 quam
1267 1419 1445 1492 probaverat

321 1516 469 1575 Hermann
488 1531 517 1587 p.
534 1520 579 1584 18,
600 1510 711 1583 recepit
723 1509 825 1579 Lehrs,
839 1509 947 1566 rectius
961 1506 1105 1586 κυσαμένη
1119 1509 1256 1568 scribens.
1287 1510 1334 1569 Ad
1354 1513 1445 1572 totius

323 1610 379 1668 loci
398 1601 571 1667 sententiam
592 1609 689 1663 autem
710 1602 761 1661 cir.
781 1602 920 1676 imprimis
940 1620 965 1661 v.
981 1610 1035 1662 251
1057 1598 1090 1659 οὐ
1104 1599 1149 1660 Διῒ
1160 1606 1237 1661 τοῖον
1250 1599 1363 1661 ἔτικτεν
1378 1600 1445 1683 ἔκη’-

315 1720 408 1779 ρατον
428 1698 474 1757 υἷα
499 1698 605 1777 θυώνη,
630 1704 659 1757 et
678 1717 721 1757 vv.
740 1706 804 1757 252.
826 1705 881 1757 253
903 1696 951 1753 καλ
970 1696 998 1753 ελ
1015 1695 1083 1761 Διός
1103 1693 1168 1754 έσσι
1188 1695 1333 1775 γενέθλης,
1354 1697 1446 1765 καλὸς

322 1792 371 1873 ἔην
391 1793 440 1852 καλ
460 1796 563 1859 κεῖνος.
588 1825 627 1835 -
654 1790 717 1850 246
741 1787 868 1867 ουκεδάη
888 1786 1004 1866 ζεφὺριυ
1023 1790 1056 1847 Μ
1062 1807 1070 1861 ;
1090 1788 1139 1846 καλ
1161 1796 1228 1863 post
1248 1789 1311 1867 ζεφ.
1332 1792 1446 1850 addunt

322 1888 406 1948 codd.
428 1889 500 1946 dett.
522 1902 620 1945 omncs
641 1890 671 1943 ct
690 1885 800 1957 primae
821 1883 901 1956 edd,
925 1883 1094 1941 deleverunt
1112 1899 1212 1941 manus
1233 1886 1390 1943 correctrix
1413 1887 1446 1943 in

323 1982 359 2055 d,
381 1983 560 2054 Anonymuc,
581 1978 783 2050 Falkeuburg,
803 1978 966 2049 BrodaeuS,
991 1977 1168 2050 Stephanus,
1194 1977 1299 2037 Portus
1324 1983 1355 2037 et
1378 1980 1445 2036 rell.

319 2075 402 2147 edd.;
428 2073 560 2152 ζηλήμονι
585 2072 632 2145 Μ,
658 2071 857 2144 Fclkeuburg‚
883 2071 1048 2140 Brodaeuo,
1074 2071 1228 2143 Stephon,
1252 2073 1390 2132 Neander
1412 2076 1445 2133 in

322 2185 413 2239 marg.
435 2174 465 2227 et
484 2168 547 2226 rell.
569 2165 635 2224 edd.
656 2170 775 2238 praeter
793 2165 922 2237 Portum,
949 2166 998 2255 qui
1018 2163 1167 2244 ζηλήμονο,
1191 2166 1269 2238 quod
1290 2172 1335 2225 est
1355 2168 1444 2226 etiam

318 2295 350 2352 n
375 2292 672 2365 uccnrosvw,
699 2293 832 2362 retacta
858 2256 998 2370 τηιημονᾶ
1022 2293 1095 2364 vra
1122 2325 1156 2335 -
1178 2291 1243 2352 246
1264 2291 1298 2350 a
1317 2294 1358 2351 u.
1397 2295 1445 2354 ve

320 2388 387 2459 quis
407 2385 578 2464 δοκρυόεντι
597 2403 650 2459 pro
675 2381 849 2461 δακρύσαντι
874 2386 1011 2459 coniciet,
1031 2386 1173 2446 Tournier
1191 2405 1220 2461 p.
1242 2395 1278 2447 31
1305 2394 1446 2462 provocat

319 2482 359 2541 ad
379 2482 523 2553 Noenum,
544 2480 593 2552 qui
613 2479 697 2540 Dion.
718 2479 762 2537 HI
783 2486 932 2539 160-161
953 2481 1026 2539 haec
1045 2480 1082 2539 de
1102 2481 1281 2555 Hyacintho:

837 2592 929 2648 κεῖνον
948 2587 1148 2667 ἐπισπαιροντα
1169 2591 1247 2672 κονίη

473 2681 594 2761 ὄμμασιν
615 2680 797 2741 ἀκλαύτοισιν
819 2680 886 2740 ἰδὼν
905 2681 1084 2757 δάκρυσεν
1100 2683 1247 2743 Ἀπόλλων.

1498 9 1548 397 l

318 2811 495 2894 χαριζομένη
520 2812 586 2871 edd.
611 2812 679 2871 iude
700 2829 718 2871 a
737 2811 871 2871 Beklrero
893 2827 928 2870 cx
946 2813 989 2885 M,
1008 2814 1058 2885 qui
1075 2812 1249 2891 χαοιζομενη
1269 2814 1365 2874 habet
1389 2834 1445 2893 χα.
1545 2832 1546 2855 2

315 2903 457 2985 ρισαμένη
487 2905 660 2978 LPRSW,
689 2903 887 2984 χαρισσαμένη
918 2905 1037 2978 AOQN
1067 2912 1097 2965 et
1125 2907 1191 2965 cdd.
1221 2912 1289 2967 autc
1318 2906 1444 2967 Bekker.

321 3032 358 3043 —-
378 3017 422 3057 vv.
438 3001 494 3058 241
516 3015 607 3071 usque
627 2999 665 3057 ad
686 3006 742 3058 293
762 3000 792 3057 iu
806 2998 844 3055 W
863 3015 939 3056 nunc
958 2998 1161 3058 desiderantur
1180 3001 1286 3059 amisso
1306 2999 1384 3060 folio.
1404 3032 1443 3043 -

319 3091 384 3152 247
405 3091 496 3156 ανδος
515 3091 562 3164 Μ,
582 3089 722 3169 ανηεξησε
741 3091 783 3164 Μ,
803 3087 961 3168 ἀνηυέξησε
982 3092 1001 3151 S
1022 3098 1053 3151 et
1071 3110 1108 3151 m.
1130 3102 1145 3151 1
1166 3095 1196 3151 iu
1216 3110 1306 3166 marg.
1326 3093 1359 3166 P,
1379 3089 1446 3170 ἀνη-

322 3184 422 3263 νέξησε
436 3185 475 3257 G,
498 3181 654 3263 ἀνηυέξησε
675 3186 763 3244 etiam
784 3184 849 3243 edd.
865 3190 932 3244 aute
946 3185 1085 3258 Leunep,
1105 3187 1155 3258 qui
1167 3188 1289 3246 mutavit
1303 3187 1444 3246 suadente

321 3280 407 3339 etiam
421 3278 571 3338 Dorvillio.
602 3273 741 3355 οἰνηόξησε
760 3278 850 3336 voluit
862 3277 1006 3336 Perdrier.
1027 3276 1219 3357 cdoccpacco)
1239 3280 1281 3349 M,
1301 3279 1445 3357 τοράσρι-

318 3392 365 3431 σιν
386 3373 425 3445 Q3
451 3367 617 3437 ἀπολλυονος
642 3371 689 3439 Μ,
717 3366 849 3429 ἀπόλλων
870 3370 908 3442 Q3
934 3403 968 3412 -
995 3386 1108 3430 versum
1134 3369 1198 3430 248
1222 3390 1277 3432 om.
1303 3372 1351 3442 M,
1376 3379 1445 3432 ante

320 3467 543 3542 praecedentem
574 3483 689 3525 versum
715 3467 870 3525 collocatus
896 3472 960 3525 erat
984 3467 1014 3523 iu
1040 3467 1154 3526 Caute
1181 3484 1270 3539 corr.;
1300 3465 1447 3545 ἡβητῆρος

319 3560 488 3633 AOLNQ;
512 3594 547 3604 -
570 3558 634 3619 249
655 3557 709 3637 ἤδη
728 3560 775 3633 Μ,
796 3557 830 3618 δὲ
850 3556 1071 3638 ἀγχειμοιροισιν
1090 3561 1131 3634 Μ,
1152 3562 1205 3621 sed
1224 3562 1265 3621 M.
1282 3570 1306 3621 1.
1327 3561 1393 3620 add.
1415 3561 1444 3618 iu
1543 3548 1544 3587 t

319 3669 425 3725 marga
450 3648 662 3730 ἀγχιδόμοισιν;
683 3650 707 3709 δ’
727 3650 908 3731 όγχιδόμοισι
928 3654 964 3726 0,
989 3652 1014 3710 δ’
1038 3650 1106 3733 ἄγχι
1125 3652 1252 3730 δόμοισιν
1276 3654 1400 3734 ΙιΜΡξδΙ
1414 3658 1446 3712 ct

321 3745 387 3804 edd.
414 3762 512 3806 omnes
540 3753 607 3805 autc
626 3745 806 3818 Bekkerum3
827 3742 1031 3826 ἀγχιδόμοισιν,
1056 3748 1132 3837 quod
1152 3748 1182 3805 iu
1201 3748 1264 3806 rell.
1285 3747 1367 3807 codd.
1390 3751 1445 3819 est,

321 3841 449 3913 exceptis
467 3838 590 3899 fortasse
606 3839 678 3912 GV,
699 3841 865 3899 coniectura
878 3840 987 3899 invenit
1000 3840 1128 3914 Leunep,
1143 3842 1192 3914 qui
1208 3846 1363 3914 praeterea
1376 3838 1445 3918 ἄγχι
1542 3882 1543 3897 .

319 3930 467 4010 δρόμοισιν
494 3933 617 3992 tentavit
644 3937 692 3992 »et
717 3934 759 3992 sic
785 3949 838 4005 per
864 3930 965 4009 δρόμοι
987 3933 1022 4009 iul
1039 3934 1145 4008 plurali
1169 3934 1374 4007 intelligendus
1400 3940 1446 3993 cst

317 4023 430 4102 δρόμος
443 4026 520 4099 apud
534 4025 807 4099 Lacedaemonios,«
830 4042 915 4100 quem
931 4043 1021 4101 prope
1034 4027 1072 4086 ad
1086 4028 1212 4087 Menelai
1224 4030 1336 4101 regiam
1352 4026 1444 4088 luisse
1541 4038 1542 4109 l
