3122 4656
730 321 941 382 ..34-

276 540 309 550 -
331 504 368 565 17
388 502 431 571 ὡς
450 507 488 577 Ρ;
509 502 535 562 ὡ
554 522 607 579 pro
622 506 738 577 vulgate
758 503 774 560 ὁ
794 505 841 576 Μ;
862 502 879 561 t
899 522 953 579 ego
974 507 1085 579 scripsi.
1120 507 1166 563 De
1186 503 1324 584 ὣςόμὲν
1344 506 1395 566 cfr.

272 600 371 658 Herm.
391 606 452 671 p.9
479 599 552 657 »Hic
572 615 640 657 vero
662 599 710 656 ubi
730 598 800 655 nihil
820 601 988 672 praecessit,
1010 616 1066 671 qno
1085 599 1230 658 reseretur
1249 599 1320 657 illud
1344 595 1394 670 ὣς,

272 709 329 750 non
343 691 435 761 video,
451 692 592 763 quomodo
614 707 648 749 eo
670 692 712 748 uti
732 691 860 764 potuerit
880 698 975 765 poeta.
1006 693 1079 751 Nam
1101 694 1124 750 si
1139 694 1281 752 Homerus
1295 694 1395 751 Iliadis

273 784 378 844 librum
397 785 454 843 XII
473 784 568 844 verbis
589 785 646 842 illis
667 780 710 849 ὣς
734 781 751 841 t
768 782 822 860 μέν
851 791 881 843 et
907 786 980 861 alias
1005 786 1176 859 rhapsodias
1204 787 1337 845 similiter
1355 787 1396 843 in·

272 879 358 950 oepit,
379 878 543 950 intelligere
564 878 665 936 debuit
683 866 831 950 coluthus,
852 876 961 937 factum
974 879 1004 936 id
1019 896 1083 938 esse
1098 881 1148 950 sie,
1169 885 1202 937 ut
1221 895 1396 952 praegressa

272 971 493 1044 respicerentur.
519 971 628 1030 Censor
639 971 895 1044 Heidelbergensis
906 990 933 1045 p.
942 979 1006 1044 509,
1021 973 1243 1044 comparandum
1254 971 1342 1031 fuisse
1356 974 1396 1030 eit

271 1067 454 1126 Homericum
476 1066 559 1125 Odi
580 1074 624 1124 11.
645 1061 708 1123 ἔνθ’
732 1062 813 1142 ἄλλοι
829 1064 883 1141 μὲν
903 1064 1015 1138 πάντες,
1036 1063 1101 1122 ὅσοι
1123 1061 1212 1142 φύγον
1233 1062 1312 1122 alodo
1333 1062 1395 1121 ὄλε-

274 1159 357 1236 θρον,
380 1155 458 1216 Oinoe
478 1152 548 1215 ἔσαν
569 1159 685 1229 aliaque
706 1159 735 1216 in
754 1159 866 1216 medias
886 1174 934 1215 res
954 1158 1099 1230 rapientia
1119 1158 1246 1216 exordia.
1286 1157 1396 1215 Horum

271 1253 373 1312 vellem
389 1254 527 1324 exempla,
542 1268 617 1323 quae
631 1253 735 1309 similia
750 1258 855 1322 essent,
878 1251 1015 1309 dedisset.
1051 1253 1126 1310 Nam
1141 1297 1147 1309 .
1164 1293 1170 1307 .
1187 1293 1193 1306 .
1211 1292 1217 1306 .
1232 1251 1395 1309 addendum

272 1353 344 1413 erat,
365 1343 468 1402 referri
482 1339 555 1401 ἔνθα
568 1345 605 1402 ad
619 1345 709 1402 verba
728 1352 786 1403 v.2
807 1346 912 1417 posita,
933 1341 995 1401 ἐπεὶ
1019 1342 1117 1421 Τροίης
1136 1342 1212 1420 ἱερὸν
1226 1342 1407 1420 πτολιέόμονΙ

271 1432 401 1512 ἔπερσεν,
420 1438 520 1508 itaque
539 1435 667 1494 indicato
687 1437 744 1494 iam
765 1443 896 1509 ternpore
916 1443 996 1494 recte
1018 1437 1125 1494 dictum
1147 1452 1219 1494 esse.
1257 1436 1396 1494 Ooluthus

271 1531 326 1588 nisi
339 1529 424 1588 fallor
438 1530 598 1601 scripserat
619 1531 692 1585 τοῖσι
708 1526 771 1603 μὲν,
793 1535 825 1586 ut
839 1529 1071 1600 intelligerentur
1085 1544 1166 1587 exre
1182 1531 1246 1601 ipsa
1261 1530 1396 1594 convivae

271 1625 302 1681 in
322 1622 429 1695 nuptiis
446 1622 536 1679 Pelei.
570 1623 661 1680 Error
680 1620 804 1681 fortasse
823 1638 858 1679 ex
879 1638 913 1680 eo
934 1628 1028 1693 natus,
1049 1622 1126 1693 quod
1146 1624 1175 1679 in
1195 1622 1394 1694 antiquissimo

271 1715 370 1775 codice
391 1715 530 1786 scriptum
555 1719 620 1772 erat
645 1717 703 1771 οῖσι
718 1712 785 1790 μέν,
812 1717 918 1773 omissa
943 1716 1042 1773 littera
1066 1717 1188 1788 initiali,
1215 1732 1289 1787 quae
1315 1717 1396 1774 utin

271 1811 361 1884 ipsius
385 1808 559 1867 narrationis
581 1806 698 1867 exordio
718 1816 785 1881 post
810 1815 888 1867 esset
912 1809 1000 1868 rubro
1026 1810 1199 1882 pingenda«.
1239 1809 1397 1868 Schneider

270 1921 298 1977 p.
311 1910 366 1962 432
387 1907 494 1965 collato
508 1906 623 1965 Stasino
646 1904 758 1987 (iregmf
773 1908 802 1964 in
817 1907 906 1966 schol.
921 1905 959 1964 cd
971 1905 1004 1966 11.
1019 1926 1038 1962 α
1053 1913 1082 1977 5)
1103 1900 1135 1981 ἦν
1150 1904 1201 1962 ὅτε
1216 1906 1303 1981 μυρία
1317 1905 1394 1981 φῦλα

272 2002 302 2056 et
321 1997 407 2056 Anth.
428 1999 520 2057 Pati
541 2006 577 2057 92
602 1996 634 2077 ἧν
655 1997 705 2055 ὅτε
725 1997 854 2075 Χριστὸς
879 1997 956 2056 ἴαυεν
982 2005 1011 2057 et
1038 1998 1074 2057 de
1101 2000 1166 2057 aliis
1192 1998 1333 2057 similibus
1359 1999 1396 2056 ad

272 2090 457 2150 Schaeferum
478 2092 516 2151 ad
534 2092 616 2151 Bosii
636 2093 728 2165 ellips.
749 2111 776 2165 p.
793 2100 847 2151 543
870 2101 899 2150 et
919 2092 1069 2150 Naekeum
1089 2091 1216 2165 opuscl
1236 2109 1264 2164 p.
1280 2099 1335 2152 238
1355 2093 1396 2150 le·

271 2190 366 2243 ctores
387 2187 548 2255 remittens,
568 2180 600 2263 ἧν
618 2184 672 2260 μὲν
692 2181 741 2242 ὅθ’
766 2183 942 2262 ὑψιλόφοισιν
963 2187 1095 2257 coniecit,
1116 2201 1169 2258 pro
1190 2201 1246 2256 quo
1267 2185 1395 2243 evanidis

271 2279 329 2336 iam
350 2278 457 2337 codicis
479 2279 628 2352 archetypi
648 2279 754 2338 litteris
775 2281 852 2337 male
878 2275 921 2343 ὣς
940 2277 957 2334 ό
974 2278 1029 2354 μὲν
1055 2279 1204 2351 scripserit
1230 2278 1334 2350 aliquis
1355 2278 1396 2335 in·

271 2372 445 2443 tempestiva
463 2371 665 2430 recordatione
691 2388 727 2430 ex
746 2390 793 2429 vv.
809 2373 854 2430 77.
872 2380 934 2432 121.
952 2380 1015 2430 145.
1033 2379 1096 2432 100.
1112 2380 1177 2431 303.
1193 2379 1248 2430 335
1271 2371 1396 2429 ductum.

270 2462 364 2522 Lehrs
383 2465 413 2522 in
433 2464 525 2538 praef.
546 2483 577 2538 p.
586 2466 654 2523 Vlll
679 2467 825 2537 vulgatam
846 2466 967 2524 retinuit
994 2467 1079 2537 »quia
1099 2471 1167 2524 ante
1187 2466 1262 2523 hunc
1282 2482 1396 2524 versum

271 2557 381 2629 aliquid
413 2558 554 2617 excidisse
580 2558 759 2631 probabilius
790 2558 873 2617 nobis
894 2558 1024 2626 videtur,
1048 2575 1121 2630 quae
1147 2559 1272 2631 suspicio
1297 2559 1327 2615 in
1351 2559 1396 2616 his

271 2651 404 2710 carminis
438 2652 607 2712 centonibus
641 2650 777 2710 facillime
808 2657 967 2710 movetur«.
1011 2653 1113 2724 Neque
1145 2658 1241 2710 tamen
1272 2653 1396 2711 lacunae

271 2744 354 2817 signa
373 2747 478 2817 posuit
512 2746 672 2805 Hermanni
693 2747 767 2802 τοῖσι
786 2762 844 2804 non
857 2744 966 2804 habere
987 2762 1043 2817 quo
1057 2743 1210 2817 referatur,
1231 2752 1311 2804 recte
1331 2761 1397 2818 per·

271 2838 367 2910 spexit
389 2837 548 2897 Schneider
567 2856 595 2911 p.
609 2846 681 2910 432,
709 2839 790 2895 cuius
810 2839 1005 2897 coniecturam
1025 2839 1094 2909 quin
1119 2840 1258 2912 recipiam
1277 2838 1397 2897 vitiosus

271 2934 305 2987 ut
324 2928 438 2987 videtur
462 2930 559 2988 hictus
586 2930 686 2988 vetuit.
715 2928 767 2988 cfr.
782 2930 919 2989 Ludwioh
940 2930 1030 2988 Beitr.
1044 2947 1068 2986 z.
1090 2931 1188 2989 Kritilr
1209 2931 1260 2989 des
1280 2931 1397 2989 Nonnos

270 3028 415 3094 1233.-
438 3019 617 3098 υφιλόφυισιν
637 3023 684 3094 Μ,
715 3020 902 3099 ὑψηλόφοισιν
923 3023 948 3094 Q
973 3022 1040 3080 Ald.
1060 3043 1087 3091 o,
1114 3023 1191 3094 quod
1215 3040 1288 3083 corr.
1310 3023 1398 3081 etium

270 3112 636 3192 Ρο1ἀοἰο1.ὑψιλόφοισιῦ,
652 3113 837 3192 ὑφελύφοισιν
852 3115 891 3187 G3
906 3111 1070 3189 ενούρεσσιν
1079 3116 1113 3173 Μ
1126 3124 1151 3174 1.
1171 3113 1203 3172 ἐν
1216 3111 1350 3191 οὔμεσσιν
1359 3132 1396 3173 m.

270 3206 412 3266 rec.inM.
425 3204 573 3284 οἷμονιῆων
579 3209 620 3266 Μ.
632 3241 670 3250 -
681 3207 718 3266 18
729 3206 873 3284 νυμφιδῶν
883 3207 916 3264 Μ
925 3214 948 3266 1.
964 3205 1116 3283 νυμφιδίων
1126 3207 1159 3265 Μ
1171 3214 1197 3265 2.
1209 3240 1244 3249 -
1257 3206 1293 3266 19
1306 3205 1398 3285 Ζῆνος

270 3299 368 3360 Ubel.
382 3319 423 3372 υ.;
437 3297 578 3379 ἐοινοχόει
587 3301 629 3373 Μ,
640 3298 779 3378 ἐῳνοχέει
790 3301 829 3372 G3
847 3297 1020 3377 γαννυμῆδης
1029 3300 1164 3373 ΑΟῙιΝς
1180 3336 1208 3345 -
1223 3300 1268 3360 20
1283 3299 1398 3379 nullia(-

271 3462 360 3505 νουσα
371 3446 406 3518 Ος
422 3481 456 3488 -
473 3445 512 3505 21
527 3444 694 3503 λευκόλενον
709 3445 745 3517 03
759 3409 933 3523 ἀμφιτμίτηῖ
942 3445 975 3504 Μ
987 3447 1073 3517 (corr.
1082 3444 1162 3517 Μ2),
1176 3410 1348 3526 ἀμφιτρίτοξ
1357 3448 1397 3518 Β;

272 3622 307 3631 -
319 3587 364 3649 22
375 3585 436 3654 (ebt
448 3588 676 3660 Μ(0011’.Μ2.);
688 3584 918 3663 ἀπουλύμποιυΜ
926 3595 961 3661 1.,
972 3586 1023 3645 ἀπ’
1037 3585 1168 3647 οὐλ.Μ2.
1180 3553 1311 3647 οὐλῦζτοιο
1323 3590 1395 3650 O.—

271 3684 342 3742 Post
360 3682 436 3740 hunc
448 3698 563 3741 versum
576 3679 700 3740 fortasse
722 3681 831 3739 excidit
851 3699 960 3754 versus,
982 3683 1032 3754 qui
1052 3684 1171 3741 verbum
1192 3700 1228 3743 ex
1249 3702 1274 3743 v·
1290 3692 1326 3745 20
1346 3686 1397 3743 mi·

270 3793 324 3835 nus
345 3775 494 3836 commode
515 3774 789 3847 subintelligendum
815 3776 998 3834 continuerit.
1017 3807 1056 3817 -
1079 3774 1120 3834 23
1136 3775 1334 3852 μελισσίεντος
1350 3779 1397 3850 Μ;

271 3868 434 3946 ἀπευοδμου
445 3868 478 3927 Μ
491 3874 526 3940 1.,
541 3865 704 3945 ἀπεύόδμου
715 3868 748 3926 Μ
762 3875 798 3939 2.;
813 3865 1014 3945 ἐπεσσομένων
1029 3869 1055 3928 G
1069 3876 1099 3928 et
1109 3870 1191 3930 Porti
1206 3872 1260 3944 ed,
1275 3870 1398 3928 ἀπεσσο-

267 3960 363 4039 μένον
385 3959 601 4039 (ἀπεσσημένων
621 3968 688 4021 ante
703 3978 777 4021 corr.
792 3963 830 4034 Q)
851 3964 915 4021 rell.
931 3963 1003 4022 dett.
1025 3968 1055 4023 et
1076 3962 1141 4022 edd.
1163 3980 1260 4023 omnes
1280 3970 1398 4037 praeter

270 4056 432 4127 Lehrsium‚
453 4055 502 4126 qui
522 4050 557 4112 ἔκ
578 4054 612 4113 δὲ
632 4052 843 4134 Μελισσήεντος
862 4053 912 4113 ἀπ’
935 4053 1059 4132 εὐόδμου
1074 4055 1228 4122 Ἑλικῶνος
1249 4057 1343 4116 edidit
1363 4073 1398 4115 ex
