3108 4662
620 355 830 419 ..87-

162 541 372 614 Erymanthnm
393 556 457 600 oum
470 540 584 614 Alpheo
598 557 616 599 a
633 546 722 614 po'eta
741 539 885 614 confundi,
907 548 958 600 aut
971 540 1074 600 referri
1087 541 1161 601 adeo
1173 543 1288 616 poetice

164 633 202 692 ad
221 634 301 693 illum
320 634 361 708 id,
381 634 458 706 quod
477 634 607 707 proxime
628 634 666 692 ad
682 635 758 692 hunc
770 635 944 708 pertinebat.
974 636 1082 694 Verum
1098 636 1154 695 etsi
1167 637 1210 695 sic
1221 637 1290 696 huic

164 725 280 786 Ooluthi
300 728 498 801 geographiae
517 728 579 786 veri
593 729 705 800 species
725 728 828 787 subiici
847 729 976 802 videtur3
997 729 1171 789 constructio
1191 736 1289 789 tamen

162 820 384 894 impeditissima
403 826 508 880 manet.
539 820 677 893 Suspicor
696 822 804 895 itaque,
826 823 920 881 latere
940 823 970 880 in
990 823 1105 881 nomine
1117 823 1289 896 Erymanthi

164 920 215 972 aut
234 930 339 973 nomen
359 914 508 987 proprium
527 913 597 985 loci,
617 929 675 972 non
694 914 779 976 nimis
800 915 903 974 remoti
924 914 960 974 ab
980 915 1110 974 Eurotae
1129 915 1220 988 ostio,
1241 928 1289 973 ree·

165 1006 220 1064 luti
241 1003 458 1081 Ψαμαθοῦντος,
479 1010 530 1064 aut
543 1006 620 1078 qnod
640 1005 753 1065 facilius
773 1007 897 1081 videtur,
918 1007 1069 1081 epitheton
1081 1008 1285 1082 praecedentis

165 1098 338 1158 substantivi
358 1099 538 1172 exquisitius,
557 1105 590 1157 ut
609 1116 695 1158 versu
714 1102 891 1174 transposito
912 1101 1071 1160 scribatur:

357 1206 442 1269 ἔνθεν
462 1208 667 1289 ἀνερχομένοιο
686 1207 749 1288 παρ’
774 1210 908 1287 εἰαμενὰς
927 1209 1113 1289 ἐριανόεῖς

358 1301 523 1382 κεκλιμένην
543 1298 661 1379 ἐνόησεν
681 1299 725 1360 ἐπ’
738 1300 877 1380 Εὐρώταο
894 1303 1033 1380 ῥεέθροις
1139 1364 1140 1368 ,

357 1394 490 1472 Σπάρτην
511 1393 719 1471 καλλιγύναικα,
740 1395 820 1474 φίλην
841 1395 919 1454 πόλιν
939 1392 1117 1474 Ἀτρείωνος.

165 1508 278 1568 Adiect.
318 1504 454 1584 ἐριανὰὴς
474 1508 628 1580 analogiae
654 1509 787 1567 convenit
807 1512 839 1565 ut
863 1503 1001 1585 ἐριθαλης
1025 1514 1055 1567 et
1079 1505 1217 1588 ἐριθηλής
1241 1526 1289 1584 ap.

163 1603 288 1675 Hesych.
314 1602 411 1662 Nolim
435 1602 533 1674 itaque
557 1600 664 1661 formas
691 1603 858 1661 usitatiores
884 1597 1017 1666 εὐανθεῖς
1042 1606 1093 1660 aut
1117 1600 1290 1668 πολυανόεῖς

164 1696 212 1755 hic
235 1693 352 1754 inferre.
392 1697 453 1754 Iam
472 1697 598 1754 Eurotas
621 1696 728 1754 dicitur
752 1692 930 1773 ἀνέρχεσθαι
952 1693 1016 1770 παρ’
1037 1694 1171 1771 εἰαμενὰς
1196 1694 1289 1772 ἐριαν-

164 1785 237 1861 θεῖς,
258 1793 400 1861 quatenus
414 1789 497 1847 Paris
518 1789 555 1847 ab
575 1789 649 1848 ostio
670 1787 794 1846 fluminis
815 1804 915 1846 versus
928 1786 1029 1846 urbem
1043 1788 1183 1861 ascendit,
1204 1788 1287 1866 ἀνέρ·

163 1899 266 1958 χεται,
291 1888 322 1940 et
347 1883 390 1939 sic
414 1882 442 1940 ei
462 1880 566 1940 fluvius
591 1881 730 1940 adversus
755 1883 861 1939 sensim
887 1898 919 1939 se
944 1882 1107 1952 sensimque
1134 1899 1225 1954 usque
1251 1883 1289 1942 ad

165 1974 266 2033 urbem
292 1977 395 2048 aperit.
435 1976 527 2035 Recte
553 1991 622 2034 vero
647 1973 779 2049 εἰαμεναί
799 1980 866 2032 sunt
890 1975 954 2033 loca
978 1974 1030 2031 illa
1054 1974 1239 2047 depressiora
1259 1982 1290 2034 et

165 2065 229 2125 fere
249 2068 391 2140 paludosa
411 2069 449 2127 ad
462 2069 612 2138 Eurotam,
633 2082 707 2138 quae
721 2068 806 2139 longe
820 2068 937 2138 lateque
952 2065 1062 2125 floridis
1076 2068 1168 2140 pratis
1183 2070 1289 2128 vestita

165 2158 266 2232 fuisse,
286 2160 437 2233 probabile
458 2168 511 2220 est.
541 2163 587 2220 lta
606 2162 679 2220 haec
698 2160 819 2220 ferenda
839 2161 982 2233 videntur,
1006 2161 1063 2219 etsi
1083 2162 1179 2218 malim
1194 2177 1210 2219 e
1224 2161 1288 2221 cod.

61 2276 65 2281 ¹
165 2253 276 2312 offerri:
297 2249 385 2311 ἔνθα
405 2253 654 2333 κατερχομένοιο.
685 2253 809 2314 Efficere
830 2256 914 2326 enim,
935 2259 968 2312 ut
980 2255 1167 2327 participium
1181 2254 1218 2313 de
1231 2255 1287 2313 Pa·

165 2346 222 2405 ridi
242 2346 363 2418 dicatur,
384 2348 486 2406 veluti:

319 2453 411 2530 ἔνθεν,
426 2454 653 2536 ’ἀνερχόμενος
673 2457 783 2536 Πάρις
803 2458 937 2534 εἰαμενὰς
955 2455 1109 2534 ἐριανθεῖς,

165 2567 184 2623 i.
205 2582 229 2625 e.
255 2563 416 2645 ἐρχόμενος
440 2568 495 2627 ἀνὰ
521 2555 662 2645 εἰαμενὰῖ
674 2569 717 2649 ἐρ.
743 2572 773 2630 id
799 2573 863 2632 aliis
889 2571 1106 2632 difficultatibus
1132 2575 1287 2647 premitur3

165 2660 242 2732 quod
263 2666 360 2720 autern
380 2662 410 2719 in
430 2663 585 2735 antiquiori
605 2670 693 2737 poeta
713 2664 879 2725 facillimum
901 2673 991 2725 esset:

320 2757 403 2821 ἔνθεν
425 2762 639 2843 ἀνερχόμενος
658 2765 675 2822 ό
695 2772 775 2843 παρ’
796 2765 931 2843 εἰαμενὰς
950 2763 1096 2843 ἑριανθεῖς

147 2836 281 2923 Ἰ(λοΙιὰὰί
301 2880 401 2923 versus
420 2882 477 2925 non
497 2868 667 2939 permittit«
700 2868 859 2928 Schneider
878 2886 906 2942 p.
923 2872 1074 2929 417-419
1092 2886 1192 2929 versus
1213 2872 1288 2931 sicut

166 2974 184 3017 a
204 2974 250 3016 me
270 2959 341 3017 editi
363 2963 438 3032 suut,
460 2959 611 3034 disposuit,
634 2967 663 3020 et
683 2961 720 3019 ad
741 2963 888 3035 vulgatam
902 2962 1127 3034 convellendam,
1149 2981 1288 3036 suamque

166 3053 359 3111 coniecturam
385 3051 588 3112 stabiliendam
611 3054 683 3113 haeo
707 3055 841 3126 protulit:
876 3062 924 3114 »at
951 3072 1043 3115 novae
1067 3073 1133 3116 mox
1158 3058 1291 3117 oriuntur

123 3177 125 3181 <
168 3143 352 3204 difficultates
378 3146 409 3201 iu
439 3147 634 3217 sequentibus.
674 3164 740 3206 nam
769 3136 929 3220 postquam
948 3149 1091 3220 Mycenen
1120 3151 1290 3209 memoravit

166 3238 325 3313 Colluthus,
347 3241 444 3299 Parim
458 3249 559 3300 narrat
571 3242 679 3300 vidisse
695 3243 829 3315 Spartam
844 3248 874 3301 et
887 3243 1068 3316 Therapnen,
1089 3243 1213 3314 indeque
1232 3259 1290 3302 non

165 3333 223 3391 iam
244 3333 295 3391 diu
314 3335 475 3407 navigasse,
497 3334 549 3393 sed
568 3351 635 3394 mox
653 3352 741 3394 naves
762 3336 910 3409 appulisse
931 3342 961 3394 et
975 3336 1109 3409 Spartam
1127 3332 1289 3407 profectum

165 3441 237 3486 esse.
277 3428 307 3484 in
327 3444 383 3499 quo
403 3429 458 3486 hoc
476 3444 616 3500 perquam
640 3430 744 3485 mirum
764 3428 882 3498 accidit,
904 3427 981 3500 quod
1000 3428 1097 3500 Paris,
1123 3442 1209 3499 quum
1230 3427 1289 3485 iam

164 3518 285 3578 vidisset
315 3519 450 3593 Spartam
480 3536 544 3578 cum
574 3521 668 3579 vicina
698 3520 863 3594 Therapne,
894 3537 950 3592 quo
981 3520 1150 3579 intendebat
1180 3525 1210 3577 et
1239 3519 1289 3577 ubi

164 3627 230 3671 mox
249 3620 385 3672 narratur
404 3613 514 3686 regiam
533 3612 662 3672 Menelai
683 3613 797 3672 domurn
817 3613 941 3686 adiisse,
967 3618 1064 3672 tamen
1090 3614 1147 3672 alio
1173 3613 1289 3671 interim

163 3722 251 3765 naves
273 3706 395 3779 direxit,
420 3713 453 3765 ut
477 3707 571 3766 denuo
591 3707 659 3765 indo
679 3708 812 3781 Spartam
832 3708 949 3766 viseret.
979 3705 1048 3765 ferri
1068 3706 1142 3765 haec
1160 3711 1289 3780 possent,

163 3800 190 3858 si
210 3802 300 3858 statui
319 3801 422 3859 liceret
441 3800 552 3873 Parim,
578 3817 664 3874 quum
685 3817 703 3857 a
722 3801 845 3873 Myoeue
866 3799 983 3858 veniens
1003 3804 1122 3873 praeter
1141 3799 1289 3860 Laconide

163 3891 245 3950 littus
266 3891 343 3963 quod
364 3891 401 3950 ad
422 3892 562 3952 orientem
588 3892 677 3951 solem
702 3897 816 3965 spectat
835 3891 1005 3964 navigabat,
1031 3908 1048 3950 e
1071 3893 1159 3951 mari
1179 3892 1288 3952 vidisse

164 3982 299 4057 Spartam
314 3991 351 4043 ct
371 3984 554 4058 Therapnen.
596 3985 679 4057 Quod
700 4003 786 4058 quum
806 3986 885 4045 nullo
905 3985 990 4045 modo
1009 3986 1153 4059 potuerit,
1174 3986 1217 4044 ita
1236 4002 1288 4059 po·

163 4078 221 4137 tius
247 4079 447 4148 statuendum,
474 4094 574 4138 versus
601 4086 762 4138 tab-229
783 4078 887 4151 quibus
912 4080 1013 4137 ultima
1038 4078 1288 4152 navigationis
