3108 4662
604 308 814 371 ..99-

141 490 221 551 Nam
243 492 320 563 qnod
340 493 381 550 ibi
400 493 431 549 in
450 493 582 552 oratione
603 499 708 565 poetae
722 492 760 551 ad
773 493 888 551 Musam
906 498 1017 551 rectum
1038 493 1085 566 ist,
1105 493 1152 553 hic
1167 494 1205 553 ad
1217 494 1273 554 Pa-

144 586 239 643 ridem
267 586 303 644 ab
324 585 439 643 Helena
464 587 540 644 male
565 585 679 644 dicitur.
718 585 793 643 Mihi
817 586 885 644 olim
909 588 939 643 in
963 593 1088 645 mentem
1113 588 1193 645 venit
1212 583 1275 644 εἰπέ

143 696 180 734 ’τε
199 674 361 754 φύτληνι.
393 677 562 737 Graefius
579 694 607 751 p.
629 684 694 736 254.
725 678 783 738 Sed
808 677 906 737 confer
925 678 1084 737 Hermanni
1104 681 1273 753 explicatio·

147 786 213 828 nem
234 787 323 843 supra
343 786 361 828 a
380 786 426 829 me
447 770 573 828 allatam.
594 802 633 812 -
654 768 718 828 269
733 769 834 848 ἀγλαΐη
847 770 893 842 Μ;
913 766 1017 836 ἔοικας
1030 770 1217 849 αριζηλωΜς
1238 805 1272 815 -

146 861 215 922 270
237 860 376 938 ἀλλατέην
396 856 503 919 οὐκοῖδ’
522 861 700 938 ἀράργείοισι
718 864 765 936 Μ;
785 896 821 905 -
844 861 904 922 271
923 865 999 923 hunc
1017 881 1131 924 versum
1154 882 1194 924 ex
1213 866 1274 925 solo

147 956 183 1013 M
207 955 324 1013 reduxit
347 954 480 1026 Bekker3
501 952 525 1011 θ’
549 950 718 1030 εθκάμωνος
742 962 772 1014 et
792 955 856 1012 olda
879 956 921 1015 Μ.
964 958 1035 1016 Post
1054 974 1080 1016 v.
1105 965 1160 1018 269
1181 964 1275 1016 naus·

116 1104 121 1113 ,
151 1051 251 1121 posuit
271 1048 347 1106 huno
361 1065 474 1107 versum
488 1047 590 1120 lulien,
611 1064 675 1106 cum
690 1049 721 1105 in
735 1050 875 1121 oratione,
895 1051 925 1107 in
940 1066 997 1122 qna
1010 1049 1123 1108 Helena
1135 1066 1168 1110 se
1182 1052 1275 1125 ipsam

148 1147 218 1214 post
236 1141 459 1212 unumquodque
478 1157 647 1213 responsum
668 1141 786 1211 refutet,
805 1144 903 1216 priore
915 1143 979 1203 loao
996 1143 1053 1202 dici
1066 1143 1174 1203 debeat
1192 1144 1275 1202 novi

153 1238 266 1294 totam
281 1234 517 1293 Deucalionis
534 1242 689 1307 gentem,
710 1237 871 1308 posteriore
885 1243 981 1294 autem
995 1236 1058 1296 loco
1075 1237 1138 1295 sed
1157 1242 1193 1296 te
1207 1252 1275 1296 non

149 1329 243 1384 novi.
287 1330 343 1386 »Aa
367 1343 404 1384 ne
429 1328 471 1384 sic
497 1327 612 1398 quidem
638 1329 800 1399 elegantiae
825 1329 992 1387 consulitur.
1031 1329 1106 1387 Mihi
1125 1328 1275 1402 ponendus

150 1421 266 1479 videtur
286 1421 400 1503 [versus
422 1424 489 1493 271]
516 1428 583 1479 aute
603 1438 629 1480 v.
652 1423 707 1480 273
731 1422 814 1495 [nunc
834 1423 901 1494 nte]
921 1438 978 1493 quo
996 1423 1060 1482 loco
1081 1438 1146 1480 eum
1165 1423 1226 1494 legi
1246 1428 1276 1480 et

151 1530 199 1572 res
220 1522 250 1572 et
273 1513 361 1572 verba
381 1514 553 1586 postulante
595 1514 773 1572 Hermann
792 1532 821 1587 p.
842 1522 887 1587 19,
909 1519 939 1573 et
957 1517 999 1573 sic
1018 1516 1196 1587 transposuit
1214 1530 1276 1573 ver-

152 1623 214 1664 sum
235 1606 338 1665 Lehrs.
376 1606 469 1665 Recte
496 1608 643 1679 vulgatum
665 1624 798 1666 versuum
818 1608 948 1668 ordinem
968 1608 1099 1667 defendit
1118 1606 1278 1667 Schneider

153 1718 182 1773 p.
197 1707 262 1773 423,
283 1701 333 1759 ubi
352 1700 425 1758 haec
445 1700 482 1757 de
497 1700 657 1758 Hermanni
677 1701 915 1773 transpositione:
938 1706 988 1758 »at
1000 1700 1125 1758 Phthiae
1138 1700 1278 1759 memoria

153 1812 171 1852 a
189 1794 270 1852 Pelei
291 1799 322 1851 et
339 1793 468 1851 Patrocli
487 1793 667 1864 Achillisque
693 1794 837 1852 mentione
861 1810 918 1851 non
936 1792 1030 1865 magis
1055 1792 1156 1850 divehi
1179 1796 1278 1865 potest

153 1906 238 1960 quam
259 1905 277 1946 a
298 1888 362 1960 Pyli
387 1887 532 1945 mentione
559 1886 703 1944 disiuncta
728 1892 773 1943 est
797 1885 944 1944 Antilochi
968 1889 1154 1956 (quamquam
1179 1884 1277 1943 nescio

153 1998 224 2053 quas
254 1979 368 2039 fabulas
402 1988 518 2039 secutus
545 1980 729 2039 Telamonem
760 1995 873 2051 quoque
902 1978 940 2036 ad
965 1978 1100 2037 Phthiam
1128 1976 1278 2034 rettulerit

156 2074 327 2142 Colluthus).
358 2088 451 2144 neque
478 2078 563 2144 aptus
592 2072 628 2129 ab
649 2071 815 2129 Hermanno
840 2071 984 2142 expetitus
1009 2071 1089 2128 locus
1113 2069 1210 2126 versui
1233 2067 1278 2126 illi

157 2172 315 2241 propterea
335 2172 388 2236 est,
411 2165 487 2237 quod
508 2166 551 2222 ita
571 2165 795 2235 singularum
815 2164 943 2235 gentium
962 2161 1172 2221 enumerationi
1189 2161 1278 2218 inter·

154 2262 271 2335 ponitur
291 2260 380 2318 totius
399 2258 525 2318 nationis
539 2258 687 2316 memoria.
706 2272 772 2315 nam
787 2254 987 2321 Δευκαλίωνος
1000 2253 1135 2332 γενέθλην
1150 2253 1278 2313 Graecos

154 2369 254 2412 omnes
282 2350 444 2423 siguificare
464 2359 598 2425 apertum
617 2352 664 2409 ist.
704 2351 757 2409 sed
782 2351 876 2409 minas
897 2352 984 2410 etiam
1003 2349 1154 2422 probanda
1173 2345 1279 2405 Iuliani

156 2453 201 2504 est
222 2447 398 2516 coniectura,
420 2446 469 2516 qui
489 2452 557 2503 aute
578 2462 604 2503 v.
619 2450 675 2503 268
695 2443 831 2503 collocari
851 2445 931 2502 illum
946 2459 1061 2502 versum
1074 2441 1174 2512 voluit,
1195 2439 1279 2511 qnasi

154 2555 223 2598 vero
250 2535 449 2602 Δευκαλίωνος
479 2535 600 2614 γενέθλη
630 2536 708 2608 apud
737 2536 815 2594 solos
841 2536 964 2607 Argivos
993 2533 1118 2607 reperiri
1147 2537 1275 2605 posset«
1315 2524 1318 2529 ’

155 2632 248 2690 Recte
268 2632 342 2690 haec
355 2632 522 2704 Schneider,
542 2632 600 2689 nisi
620 2629 697 2703 quod
716 2630 840 2688 inieram
858 2629 929 2687 fecit
941 2628 1061 2699 Iuliano,
1082 2627 1132 2698 qui
1152 2630 1193 2698 (p.
1210 2627 1278 2695 134)

155 2726 279 2797 Argivos
300 2725 356 2782 hoc
375 2725 439 2783 loco
457 2742 511 2797 pro
524 2722 656 2783 omnibus
670 2722 790 2782 Graecis
806 2721 913 2780 dictum
927 2736 990 2778 esse
1003 2725 1093 2791 recte,
1113 2724 1193 2791 puto,
1213 2731 1279 2774 cen-

155 2818 221 2875 suit.
265 2816 419 2877 Caeterum
439 2819 552 2890 nescio,
577 2834 614 2877 au
633 2824 701 2890 post
720 2834 745 2875 v.
767 2818 824 2875 270
845 2814 985 2874 exciderit
1004 2810 1135 2884 aliquod;
1159 2825 1230 2869 saue
1250 2814 1281 2869 et

159 2908 296 2988 γενέθλην
316 2911 346 2968 in
366 2911 487 2970 duorum
512 2928 646 2970 versuum
673 2913 752 2969 exitu
771 2911 850 2969 nullo
870 2907 932 2966 iere
952 2900 1104 2965 intervallo
1123 2903 1281 2977 repetitum

157 3021 260 3077 parum
272 3005 388 3076 elegans
402 3011 455 3074 est,
467 3011 498 3063 et
506 3020 533 3060 v.
545 3004 599 3062 271
611 3021 665 3062 nec
675 3020 738 3062 cum
751 3001 949 3074 superioribus
959 3014 1013 3078 nea
1023 3014 1087 3056 cum
1097 2993 1281 3054 inferioribus

158 3099 229 3156 satis
250 3096 326 3154 bene
344 3111 436 3153 nexus
457 3111 522 3154 esse
541 3097 665 3155 videtur.
688 3128 721 3137 -
745 3092 809 3153 272
834 3091 919 3149 πόλον
938 3092 1010 3163 AQ3
1034 3087 1220 3167 ημαθοεσσαν
1239 3085 1282 3158 Μ,

158 3186 362 3265 ἠμαθόθεσσαν
387 3188 430 3258 R;
456 3185 538 3265 έχεις
557 3188 603 3258 Μ;
628 3181 815 3263 ἔχειενηληϊον
836 3185 876 3256 Q,
901 3179 982 3246 οἶδας
1000 3181 1048 3252 Μ;
1073 3211 1109 3222 -
1136 3177 1197 3237 273
1217 3175 1283 3254 τέην

158 3282 206 3352 Μ;
227 3276 254 3337 θ’
280 3298 335 3340 om.
357 3280 440 3342 codd.
462 3281 534 3339 dett.
556 3287 586 3339 et
606 3280 671 3339 edd.
693 3285 760 3338 ante
773 3277 948 3349 Beklrerum,
968 3275 1017 3346 qui
1038 3289 1074 3331 ex
1087 3272 1121 3330 M
1139 3271 1282 3341 restituit3

158 3374 235 3431 εῖδον
255 3375 303 3446 Μ,
328 3369 392 3431 siria
413 3374 449 3447 G,
473 3370 552 3451 εἶχον
575 3391 629 3447 pro
654 3371 730 3430 εἶδον
754 3373 827 3431 coni.
853 3370 994 3428 Touruier
1016 3385 1045 3440 p.
1067 3373 1120 3438 34,
1144 3364 1196 3422 sed
1219 3364 1283 3436 ipse

158 3468 243 3526 affert
257 3469 294 3526 ad
309 3469 456 3540 vulgatam
470 3468 609 3526 tuendam
623 3467 719 3526 Nouni
736 3465 939 3524 auctoritatem
952 3459 1062 3519 Metab.
1081 3476 1109 3531 p.
1126 3459 1189 3528 137,
1203 3473 1230 3514 v.
1246 3463 1284 3514 34

159 3561 204 3620 ed.
224 3561 364 3621 Passow.:
391 3559 438 3617 καὶ
467 3559 536 3637 ἐμὴν
561 3558 615 3617 οὐκ
640 3557 735 3623 εἶδες
754 3554 875 3633 ὀπωπήν.
897 3587 932 3596 -
955 3551 1018 3613 274
1038 3548 1181 3627 ῳιστηων
1201 3546 1285 3625 γένος

159 3653 273 3731 ἀνδρῶν
285 3654 328 3712 Μ.
360 3654 434 3712 »Hic
455 3670 554 3712 versus
575 3655 601 3711 si
620 3669 676 3711 non
693 3650 934 3724 transponendus,
955 3646 1032 3719 quod
1051 3645 1089 3704 ad
1109 3649 1284 3702 structuram

160 3749 262 3806 saltem
282 3747 392 3820 pendet
412 3747 449 3805 ab
469 3742 551 3825 ἔχεις
570 3762 655 3804 versu
676 3752 759 3804 noar
786 3743 940 3814 Lenuep.
972 3739 1012 3798 Et
1025 3744 1093 3797 ante
1106 3738 1285 3810 superiorem

160 3857 273 3900 versum
287 3842 386 3914 posuit
399 3839 493 3898 Iulien
505 3840 535 3896 in
551 3846 642 3910 textu,
663 3837 740 3910 qaod
759 3838 823 3909 ipse
843 3843 947 3908 postea
966 3830 1139 3905 improbavit
1157 3832 1188 3887 in
1206 3830 1285 3888 notis

160 3953 188 4008 p.
209 3942 272 3994 134.
301 3966 337 3977 -
365 3931 426 3992 275
447 3927 785 4009 οθδάπερικλὴὶλντονόλον
806 3926 889 4004 γένος
907 3922 1064 3981 αἱακίδαων
1087 3924 1133 3995 Μ;
1158 3955 1196 3965 -
1222 3920 1285 3980 276

160 4027 276 4105 αγλαϊην
289 4025 387 4106 unitor
401 4027 448 4097 Μ;
462 4022 590 4103 εὐκλείην
604 4025 705 4096 GLN,
724 4055 761 4067 -
779 4020 838 4082 277
852 4017 1033 4096 πατρώκλοιο
1046 4018 1093 4163 hd?
1106 4014 1224 4094 ηνορέην
1237 4015 1289 4095 Mi
