3108 4662
709 306 945 371 -116-

263 495 373 559 Mortis
393 495 482 556 socia.
510 492 543 554 Si
562 493 678 583 quidem
698 492 772 553 enim
793 491 920 553 existant
938 491 1039 566 ambo,
1058 507 1180 552 necesse
1200 499 1255 565 est,
1270 498 1324 569 ut,
1344 494 1393 553 cni

265 589 361 650 omnia
380 588 542 649 communie
563 587 735 661 obtigerint,
761 602 852 661 opere
875 587 993 647 maioris
1013 592 1084 646 natu
1108 585 1208 646 fratris
1229 586 1387 647 imitatura

266 678 351 741 ὕπνον
365 677 430 741 ἕλεν
441 681 577 740 θανάτοιο
590 678 765 758 συνέμπορον
778 682 869 742 voluit
879 680 1025 742 Wernike
1046 680 1140 740 Iulian
1155 697 1191 740 ex
1203 680 1391 742 Boissonadli

266 777 434 838 conlectura
454 771 541 840 ὕπνος
564 770 629 855 ἔχει
650 773 789 833 θανάτοιο
814 771 992 850 σονέμπορος
1019 773 1111 833 edidit
1137 774 1322 834 macelothia
1345 775 1389 833 in·

266 868 428 941 tolerabili,
454 875 487 929 ut
506 874 586 929 recte
605 868 678 928 vidit
697 884 799 928 censor
818 868 1032 941 Gottingensis,
1057 873 1150 928 totum
1175 869 1269 928 locum
1290 872 1389 927 antem

271 964 313 1023 sic
336 964 476 1023 vertendo
502 964 657 1037 expressit:
686 979 790 1035 »quum
815 979 883 1022 vero
907 962 1076 1021 inclinasset
1099 962 1240 1021 cervicem
1264 962 1387 1022 Somnus

269 1072 342 1118 eam
363 1057 460 1130 babet,
479 1056 546 1116 Leti
566 1057 674 1129 sodus3
693 1057 719 1114 si
739 1058 815 1115 enim
835 1055 958 1115 eadem
978 1060 1093 1114 matre
1112 1054 1186 1114 editi
1205 1060 1273 1115 sunt
1294 1056 1388 1129 ambo,

267 1166 391 1211 necesse
411 1155 465 1222 est,
485 1155 518 1207 ut
533 1149 691 1221 Somnus,
711 1150 761 1221 qui
780 1149 877 1208 omnia
894 1149 1057 1208 eommunia
1076 1150 1196 1208 sortitus
1216 1154 1270 1213 est.
1291 1149 1391 1224 Opera

267 1243 439 1317 antiquioris
458 1241 558 1302 fratris
578 1243 609 1312 (i.
624 1258 649 1301 c.
663 1241 744 1314 Leti)
764 1247 926 1301 exerceat«
956 1242 1077 1301 Lacuna
1089 1242 1184 1302 locum
1198 1242 1389 1317 depravatum

266 1352 331 1397 esse
351 1338 496 1397 sententia
510 1341 575 1396 erat
587 1338 715 1397 censoris
729 1336 935 1409 Gottingensis.
969 1335 1066 1409 (berta,
1087 1340 1118 1394 ιι1
1137 1337 1268 1410 putabat,
1291 1353 1387 1397 emen·

265 1430 385 1493 datione
405 1429 537 1493 Graefius
557 1450 586 1506 p.
607 1439 663 1494 256
683 1433 776 1492 locum
796 1432 839 1489 sic
858 1431 986 1504 scripsit:

423 1596 437 1631 a
460 1618 468 1634 .
490 1619 498 1634 .
519 1618 526 1634 .
680 1576 891 1636 ἀνακλίναακε
911 1576 945 1636 δὲ
965 1562 1060 1656 iaccho

422 1664 542 1743 ὕπνος,
561 1665 631 1743 ἐπεὶ,
653 1668 789 1728 θανάτοιο
809 1668 986 1748 ουνέμπομος
1005 1669 1105 1748 εἴπερ
1125 1667 1246 1752 ἐτύχθη,

420 1762 541 1841 ἀμφίς,
561 1762 709 1843 ἀναγκαίη,
729 1762 754 1834 ξ.
768 1785 796 1822 π.
812 1765 835 1822 l
857 1771 912 1827 etc,

265 1908 472 1970 reclinabat
496 1910 576 1969 eius
601 1902 728 1971 collum
748 1910 905 1971 Somnus:
932 1926 1025 1983 nam,
1052 1911 1081 1969 si
1101 1910 1167 1969 ille
1192 1926 1307 1971 comes
1332 1916 1390 1972 est

263 2004 408 2078 Mortis,
428 2020 581 2066 necesse
602 2010 670 2078 est,
691 2011 741 2077 nt,
762 2020 972 2066 communem
991 2021 1067 2064 cum
1086 2004 1203 2063 Morta
1222 2008 1388 2063 naturam

264 2102 405 2172 nactus,
425 2101 572 2158 seorsim
586 2097 699 2176 (ἀμφίς)
714 2114 855 2171 quoque
868 2100 959 2170 (solus
972 2114 1027 2172 per
1040 2100 1085 2171 se)
1104 2097 1198 2156 idem
1216 2114 1257 2157 ac
1270 2096 1389 2158 irater

264 2196 351 2250 natu
369 2194 482 2251 maior
502 2190 655 2251 efficere
675 2193 801 2265 possit.
836 2192 995 2266 Utileque
1014 2192 1095 2251 Mors
1118 2191 1281 2251 moribundi
1300 2199 1390 2266 eaput

264 2284 396 2357 inclinat,
416 2285 459 2344 ita
478 2285 554 2344 idem
573 2283 644 2345 iecit
664 2286 793 2345 Somnus.
834 2284 892 2345 Sed
913 2285 949 2344 de
976 2284 1076 2346 formis
1104 2284 1277 2357 quibusdem
1295 2286 1390 2345 levem‘

265 2377 475 2440 dubitationem
499 2378 570 2440 facit
590 2380 659 2440 Ood.
684 2381 759 2439 Mnt.
785 2397 820 2439 ex
843 2397 899 2454 qno
925 2386 1009 2439 erunt
1032 2378 1173 2452 fortasse,
1200 2379 1249 2452 qui
1273 2377 1389 2452 praele-

264 2470 346 2532 rant:
366 2469 593 2552 στονοὶχιζεν·
614 2472 823 2531 θνακλίνεσκε
841 2472 876 2532 δὲ
895 2473 921 2531 δ.
950 2475 1025 2534 Mihi
1044 2479 1141 2533 tamen
1158 2474 1249 2532 tutius
1263 2473 1388 2546 videtur,

264 2565 412 2639 vulgatum
441 2565 616 2626 ἀνακλίνασα
639 2567 759 2627 fundum
783 2573 886 2642 putare
912 2569 1033 2628 verioris
1063 2567 1204 2627 lectionis.
1235 2607 1388 2623 ......

264 2660 405 2734 Superest
425 2661 542 2721 dubium
562 2662 599 2722 de
619 2662 756 2723 adverbio
776 2660 877 2739 ἀμφίς,
903 2678 968 2720 eum
986 2664 1095 2721 tentari
1121 2661 1208 2721 etiam
1229 2661 1389 2734 potuisset:

263 2753 395 2832 ἀμφάδ’
419 2754 572 2834 ἀναγκαίη,
598 2774 637 2816 sc.
658 2753 751 2830 ἐστίν,
782 2762 906 2830 aperte
930 2773 1080 2817 necesse
1101 2762 1165 2815 est.
1205 2756 1391 2830 Importunus

263 2852 362 2908 tamen
384 2851 589 2923 apostrophus,
610 2852 666 2910 etsi
684 2850 864 2911 tolerabilior
881 2851 941 2924 illo,
962 2851 1011 2924 qni
1031 2844 1142 2910 ὕπνωα’
1160 2851 1190 2909 in
1210 2849 1330 2925 vulgata
1347 2849 1390 2909 le

264 2941 360 3001 ctione
384 2941 506 3001 obsidet.
539 2942 597 3003 Sed
617 2939 719 3022 ἄμφω
745 2942 844 3019 ἀναχκ.
870 2960 964 3016 neque
988 2960 1089 3003 sensus
1117 2943 1263 3016 admittit,
1294 2957 1390 3014 neque

264 3035 411 3107 correptio
429 3037 537 3095 vocalis
557 3056 582 3093 ω
606 3037 663 3095 alio
684 3036 799 3097 Golutbi
823 3039 954 3112 exemplo
975 3038 1086 3097 adstrui
1106 3042 1235 3112 potest«
1278 3033 1389 3095 Graefii

270 3129 465 3189 coniecturam
488 3131 661 3204 improbavit
679 3132 826 3191 Hermann
850 3150 878 3206 p.
900 3140 937 3192 22
962 3148 1029 3191 nam
1056 3132 1198 3206 »primum
1222 3129 1391 3204 impeditior

263 3222 337 3283 haec
359 3229 504 3284 structura
520 3225 673 3285 verborum
693 3227 751 3299 est,
776 3242 862 3296 quam
881 3243 939 3298 qna
961 3225 1017 3285 hoc
1044 3242 1135 3300 genus
1162 3230 1315 3301 poetarum
1343 3223 1388 3284 uti

264 3317 353 3390 solet3
378 3317 484 3378 deinde
509 3324 606 3377 autem
631 3316 824 3376 ἀνακλινασκε
850 3335 925 3391 quae
947 3320 1030 3379 verbi
1056 3319 1148 3384 forma
1173 3326 1389 3402 frequentativa

265 3416 318 3482 est,
339 3410 476 3471 abhorret
494 3411 531 3471 ab
551 3411 636 3471 huius
649 3413 705 3471 loci
724 3413 863 3471 ratione«
895 3413 991 3485 Quare
1005 3415 1179 3495 Hermanno,
1203 3441 1305 3497 »quae
1326 3443 1390 3485 cum

266 3504 322 3564 hoe
340 3505 494 3579 participio
514 3505 709 3565 cohaerebant
733 3506 837 3578 verba,
862 3505 965 3565 deesse
990 3510 1089 3569 vident
1077 3517 1132 3569 tur
1175 3515 1250 3574 In
1229 3535 1265 3576 ns
1291 3526 1343 3579 aut
1344 3536 1390 3578 cm

265 3613 341 3669 qnae
361 3605 484 3672 sequunt
485 3617 528 3673 ur,
548 3601 573 3657 si
592 3605 677 3673 praet
679 3616 710 3658 er
729 3595 817 3675 εἴπερ,
838 3599 915 3673 quod
933 3608 1014 3661 recte
1034 3619 1052 3662 a
1073 3605 1189 3669 Graefio
1210 3613 1377 3673 restitutum

262 3692 450 3766 participium
470 3694 556 3753 druale
575 3699 698 3793 reponat
698 3710 741 3767 nr,
761 3695 857 3752 omnia
876 3694 964 3767 plana
983 3701 1065 3756 snut:

470 3833 557 3903 ὕπνος
575 3834 637 3896 ἐπεὶ
656 3835 793 3896 θανάτοιο
813 3834 991 3914 συνέμπομος
1009 3836 1089 3917 εἴπερ
1113 3838 1292 3925 ἐτύχθη·

468 3931 558 4011 ἄμφω
576 3930 715 4009 ἀναγκαίη
736 3928 833 4010 ξυνήϊα
851 3928 943 3989 πάντα
963 3931 1087 4014 λαχόντε

468 4021 542 4104 ἔργα
560 4047 599 4085 πα
601 4024 758 4103 imbricato
778 4023 960 4104 κασιγνήτοιο
980 4024 1104 4087 διώκειν.
