3122 4656
471 693 727 1125 A
903 985 948 1112 «Ρ

697 1111 763 1180 ra

733 1266 776 1352 w
877 1268 934 1335 sv

250 1453 275 1520 G
297 1456 331 1520 et
351 1452 387 1534 L,
399 1434 402 1441 ⁴
415 1454 469 1538 qui
491 1473 589 1538 saepe
609 1452 698 1520 inter
717 1475 751 1521 se
779 1454 989 1535 consentiunt,
1015 1454 1114 1522 modo
1144 1454 1188 1519 ad
1209 1454 1239 1521 A
1257 1454 1293 1534 Q,

162 1561 260 1631 modo
293 1562 337 1629 ad
365 1562 435 1632 NR
462 1565 597 1648 propius
626 1564 783 1640 accedunt
812 1570 846 1631 et
874 1563 997 1631 nullam
1026 1568 1148 1631 certam
1175 1565 1210 1630 in
1236 1563 1297 1630 boc

163 1677 333 1739 stemmate
347 1673 455 1741 sedern
468 1674 607 1756 habent;
622 1674 652 1739 G
666 1673 784 1739 librum
799 1692 839 1739 ex
853 1673 995 1741 editione
1010 1673 1207 1758 dewnptnm
1222 1693 1292 1741 esse

161 1782 229 1849 iam
253 1803 353 1867 supra
373 1784 491 1872 monui.
514 1821 557 1834 -
848 1870 850 1875 Α

250 1892 343 1972 Quod
364 1899 473 1961 autem
494 1894 538 1961 ad
560 1895 641 1962 artis
660 1893 791 1961 criticae
806 1914 906 1978 genus
921 1893 1072 1962 collutho
1096 1893 1298 1961 emendando
1438 1947 1439 1951 η

164 2003 386 2072 adhibendum
402 2005 552 2090 pertinet,
576 2004 670 2072 relim
684 2003 895 2072 recordentur
908 2004 1046 2071 lectores
1060 2006 1213 2070 miserum
1228 2024 1299 2070 ear·

163 2113 260 2182 minis
288 2119 408 2181 etcum
438 2137 459 2182 a
486 2115 681 2182 Schneidero
708 2136 740 2199 p.
756 2116 942 2181 404-407
965 2113 1222 2200 eloquentissime
1245 2112 1299 2179 de·

164 2223 336 2307 scriptum,
360 2228 401 2306 et,
425 2225 511 2308 quod
532 2224 736 2292 Hermannus
757 2225 882 2310 primns
904 2224 1147 2305 animadvertit,
1174 2224 1208 2289 iu
1230 2222 1298 2290 Col·

164 2332 258 2400 lutho
285 2339 353 2401 tres
382 2336 524 2401 maxime
550 2336 804 2421 perturbationis
832 2336 946 2404 modos
967 2335 1119 2421 reperiri,
1147 2335 1190 2402 ab
1219 2335 1299 2421 ipsis
1386 2368 1388 2372 >
1472 2342 1477 2351 '

165 2449 364 2515 monstratos
392 2446 570 2526 codicibus,
606 2447 755 2529 lacunas,
789 2446 1056 2531 transpositiones
1088 2466 1237 2512 versuum
1266 2450 1299 2512 et

166 2574 282 2621 manus
308 2558 508 2623 correctoris.
554 2556 676 2634 Quibus
704 2556 1002 2642 perturbationibus
1031 2556 1059 2622 si
1088 2555 1225 2623 aliorum
1252 2555 1300 2641 in·

168 2665 271 2732 rents
299 2665 381 2733 bene
406 2686 484 2733 usus
512 2666 688 2735 salutarem
717 2687 945 2752 nonnunquam
967 2685 1099 2731 manum
1120 2664 1300 2732 admovisse

167 2775 291 2857 cedar,
314 2777 394 2844 satis
414 2796 466 2843 me
487 2776 600 2845 fecisse
622 2762 817 2844 arbitrabor

253 2926 376 3016 Scripsi
396 2928 608 3014 Bndapestini
630 2930 698 2998 cal.
720 2930 817 2999 Mart.
839 2949 869 2997 a
891 2927 1163 2997 mcccclxxx.

1079 3120 1132 3199 E.
1160 3115 1295 3198 Abel.
