3108 4662
693 313 926 377 -104-

250 498 296 579 Μη
317 496 383 558 τεδν
404 497 590 577 ἀκτερέὶστον
611 497 742 557 ὀλωλότα
762 498 863 576 νεβρὸν
884 497 983 580 ἐάσης,
1003 502 1046 561 XI
1061 507 1116 561 198
1127 518 1188 574 sqq.
1207 498 1246 579 μὴ
1263 521 1301 578 με
1322 508 1374 560 κα·

241 592 426 657 σακτείνειας
440 626 471 634 -
480 589 519 669 μὴ
530 585 635 672 κστέης
647 627 680 636 -
692 590 732 670 μὴ
742 590 896 672 planipes
911 593 986 666 Ego,
997 611 1061 652 curn
1075 595 1154 652 nulla
1168 611 1256 654 causa
1270 597 1309 654 sit
1321 613 1374 654 cur

248 686 279 743 in
292 687 412 758 vulgata
425 687 569 759 scriptura
583 687 768 759 offendamus,
787 703 849 746 eam
862 688 983 759 retinui3
1004 687 1037 745 M
1050 687 1125 747 liber
1143 687 1199 760 hic,
1221 694 1252 746 ut
1272 705 1371 763 saepe,

248 794 328 837 mero
342 780 503 852 scripturae
518 795 616 840 errore
633 780 755 850 laborat,
775 781 805 839 in
823 797 880 853 quo
899 779 970 839 nihil
985 781 1078 839 latere
1092 782 1225 841 arbitror.
1256 799 1301 841 vv.
1316 790 1372 843 300

242 879 345 932 .-304
365 873 494 932 codicum
513 875 636 946 primum
654 874 813 946 scripturas
832 872 986 946 proferam.
1008 906 1036 917 ψ
1053 871 1122 932 300
1143 870 1319 950 ούκερέωντι
1336 873 1373 932 δε

243 961 354 1020 τύσσον
365 959 536 1041 ἐπισταμένη
549 965 595 1036 Μ;
606 997 643 1007 -
653 963 715 1024 301
726 964 815 1022 οἶσθα
831 962 929 1041 γαρύνς
941 966 988 1037 Μ,
999 964 1153 1032 ἀνάλκιδος
1165 961 1230 1024 ἔστι
1242 969 1278 1041 Ν,
1289 966 1373 1025 ἀνάλ.

248 1054 332 1121 κιδος
351 1053 414 1114 ἐστὶ
434 1074 470 1116 ex
489 1057 588 1130 PQW
606 1059 711 1117 notavi.
733 1091 770 1102 -
789 1057 855 1117 302
875 1058 902 1116 ελ
920 1062 995 1116 τοῖσι
1012 1060 1047 1118 Μ
1067 1066 1098 1119 et
1116 1061 1219 1131 LehrS‚
1244 1057 1277 1118 ού
1298 1063 1371 1117 τοῖαι

243 1149 312 1207 rell.
333 1150 415 1208 codd.
442 1156 472 1209 et
498 1151 578 1222 edd.;
605 1149 721 1227 γεγάσιν
741 1169 778 1208 m.
799 1169 842 1225 pr.
864 1153 893 1209 in
914 1153 952 1224 Q;
978 1154 1148 1229 εναργείοισι
1166 1154 1214 1226 Μ;
1241 1171 1285 1213 vv.
1306 1161 1371 1213 303.

250 1285 306 1339 304
330 1296 385 1337 om.
407 1280 445 1351 Q3
470 1248 500 1320 L
524 1277 588 1337 303
615 1274 824 1356 ἀκιδνοτέροισι
845 1278 883 1346 O.
910 1243 1137 1356 ἀκιδγύοτέροισιν
1157 1282 1196 1352 Ρ;
1221 1269 1373 1356 ἀεξόμεναι

248 1372 409 1445 ANPRS,
431 1377 462 1430 et
475 1372 512 1431 W
526 1389 589 1433 curm
610 1374 792 1447 corruptelae
812 1374 903 1446 signo,
924 1370 1076 1449 αὐξόμεναι
1090 1374 1129 1445 G3
1149 1406 1187 1416 -
1206 1372 1274 1433 304
1294 1370 1374 1439 εἶδος

243 1464 332 1523 codd.
358 1471 388 1523 et
413 1466 477 1523 edd.
503 1483 615 1538 omues,
643 1462 719 1546 ἧύος
741 1466 816 1525 coni.
837 1465 1003 1527 Schneider.
1043 1485 1145 1545 εχσοσι
1165 1465 1254 1532 νοδος
1273 1465 1307 1524 δε
1327 1465 1373 1542 γέ-

141 1574 144 1577 ·
249 1576 330 1614 νοντσ
357 1578 498 1633 γοναικων
523 1562 564 1618 Μ.
605 1561 650 1619 De
675 1579 701 1619 u.
723 1569 778 1620 300
802 1561 876 1620 hacc
899 1560 1033 1634 Lenuep:
1066 1561 1165 1619 »Haec
1189 1562 1253 1619 loco
1278 1562 1373 1620 minus

249 1652 397 1710 commodo
421 1653 562 1712 collocata
588 1654 730 1712 videntur.
771 1654 842 1713 Post
861 1670 975 1711 uersum
996 1661 1065 1726 288,
1093 1654 1141 1712 ubi
1166 1654 1210 1711 rei
1235 1660 1373 1713 narratae

247 1742 331 1802 finem
352 1745 480 1818 imponit,
501 1748 608 1818 optime
628 1764 691 1806 mec
712 1747 819 1806 iudicio
840 1749 973 1806 collocari
995 1755 1113 1821 possent
1132 1749 1187 1809 hoc
1206 1748 1305 1808 modo:

396 1849 443 1912 Ἦν
458 1853 570 1934 Ἑλένην
589 1855 728 1930 ἐνέπουσι,
750 1855 917 1936 κασιγνήτην
933 1854 1112 1936 Ἀφροδίτης·
1177 1868 1182 1878 ’

395 1941 446 2013 Ἦς
466 1945 564 2006 ἕνεκεν
585 1948 708 2028 τέτληκα
728 1949 777 2006 καλ
796 1946 917 2025 οἴδματα
937 1949 1030 2008 τόσσα
1050 1952 1179 2030 περῆσαι.

405 2038 463 2099 θύκ
483 2039 573 2119 ἐρέω·
594 2042 675 2101 τίδὲ
694 2042 801 2100 τύσσον
821 2039 1009 2121 ἐπισταμένην
1028 2063 1064 2101 σε
1084 2042 1206 2117 διδάξω,
1254 2058 1260 2069 ’

402 2134 495 2211 Δεῦρο
516 2136 603 2213 γάμον
623 2135 804 2214 κεράσωμεν,
827 2133 888 2194 ἐπεὶ
908 2135 1053 2214 Κυθέρεια
1074 2133 1192 2195 κελεύει.

247 2247 280 2305 In
299 2249 343 2309 his
375 2249 470 2307 verbis
496 2250 634 2307 transitus
658 2266 714 2307 non
741 2249 898 2321 inelegans.
938 2248 998 2306 Imc
1023 2249 1065 2305 sic
1090 2249 1180 2307 multo
1206 2249 1307 2307 melius
1327 2249 1372 2308 in·

247 2342 340 2413 telligi
360 2343 477 2415 poterit,
499 2342 568 2414 quid
589 2337 673 2400 versu
696 2349 751 2400 292
772 2339 862 2398 οἷσύα·
880 2340 944 2418 γὰρ,
965 2339 1007 2406 ὡς
1027 2338 1174 2408 Μενέλαος
1194 2342 1220 2399 ά.
1236 2339 1260 2400 ἐ.
1276 2363 1301 2418 γ.
1322 2360 1371 2402 vo·

246 2434 347 2492 luerit:
382 2433 532 2508 praecedit
563 2435 651 2492 enim:
690 2431 735 2511 Μη
760 2454 798 2510 με
823 2430 1059 2513 καταισχύνειας,
1089 2430 1158 2512 ἐμὴν
1188 2434 1237 2492 καὶ
1266 2433 1370 2512 Κύπριν

247 2523 375 2611 ἐλέγξης.
416 2528 496 2599 Quac
517 2527 545 2585 si
564 2528 787 2601 coniungantur,
810 2528 927 2600 elegans
947 2527 1062 2584 Paridis
1083 2533 1113 2586 et
1132 2528 1259 2586 Menelai
1280 2545 1370 2602 oppo-

247 2621 314 2679 sitio
336 2622 404 2693 erit3
425 2637 480 2693 quo
501 2620 571 2678 nihil
585 2637 654 2679 sane
671 2620 742 2679 iacit
755 2622 802 2679 hic
815 2629 913 2680 noster
934 2621 1118 2679 versiculus«
1150 2621 1243 2679 Iulien
1262 2640 1290 2695 p.
1315 2629 1369 2681 138

248 2731 284 2773 ex
312 2713 418 2772 τόσσον
446 2711 631 2792 ἐπισταμένην
660 2715 732 2783 mire
763 2714 935 2772 concludens
965 2714 1101 2773 Paridem
1130 2716 1188 2773 iarn
1213 2716 1250 2773 de
1279 2715 1371 2788 pluri·

248 2810 302 2868 mis
322 2810 448 2868 Menelai
478 2810 553 2868 vitiis
578 2810 705 2871 locutum
727 2825 806 2882 esse,
833 2815 863 2867 et
886 2827 930 2867 vv.
952 2815 1115 2869 302-304
1141 2809 1224 2866 nimis
1245 2808 1369 2880 abrupte

248 2903 378 2961 Helenae
397 2902 498 2960 laudes
521 2900 621 2959 inferri
639 2907 729 2970 ratus,
749 2903 917 2961 lacunosum
938 2919 1002 2961 esse
1021 2903 1115 2960 locum
1136 2901 1217 2959 dixit.
1246 2900 1370 2959 Videtur

249 3012 319 3068 ergo
338 3002 405 3069 post
425 3014 450 3053 v.
472 3003 527 3054 200
551 3001 581 3054 et
600 3001 668 3069 post
687 3013 712 3053 v.
728 3003 783 3054 301
804 2997 935 3054 lacunam
956 2997 1103 3055 statuisse.
1127 3027 1158 3036 —
1184 2994 1311 3053 »Vereor
1333 3008 1371 3053 ue

248 3090 329 3165 prius
349 3089 421 3147 illud
442 3091 573 3165 γυναῖκες
597 3090 635 3159 [v.
651 3091 718 3161 302]
740 3104 795 3146 ev.
811 3096 866 3146 302
888 3090 1097 3160 [concussit]
1117 3087 1192 3145 male
1207 3087 1264 3147 huc
1278 3092 1371 3144 trans·

248 3182 338 3239 latum
358 3183 404 3239 sit.
436 3182 594 3240 Praeterea
614 3185 692 3240 totus
712 3181 801 3251 locus
823 3181 860 3238 de
877 3180 1044 3238 mulieribus
1059 3180 1163 3253 dictus,
1183 3182 1281 3239 multis
1296 3179 1370 3238 diffi-

248 3276 405 3334 cultatibus
425 3276 575 3349 premitur.
615 3274 720 3332 Nullae
742 3281 848 3347 essent,
869 3273 893 3331 si
913 3274 955 3331 ita
974 3275 1135 3345 legeretur:

403 3383 455 3443 ούκ
475 3384 561 3464 ἐρέω,
583 3388 627 3457 (τί
641 3385 674 3444 δὲ
696 3385 802 3445 τόσσον
822 3383 1007 3463 ἐπισταμένην
1028 3383 1063 3444 σὲ
1084 3383 1207 3455 διδάξω;

403 3478 491 3537 οἷσύα
511 3480 591 3559 γάρ’)
613 3478 656 3547 ὡς
675 3479 823 3545 Μενέλαος
842 3477 995 3543 ἀνάλκιδός
1016 3475 1080 3536 ἐστι
1100 3475 1245 3554 γενέθλης,

402 3570 477 3632 οὔδ’
502 3573 555 3632 οἷοι
576 3575 711 3651 γεγάασιν
731 3572 762 3631 ἐν
779 3571 939 3650 Ἀργείοισιν
960 3569 1127 3637 ἄνακτες·

403 3668 452 3726 καλ
472 3668 527 3745 γὰρ
548 3665 771 3741 ἀκιδνοτέροισιν
791 3666 956 3743 δεξόμενοι
973 3665 1135 3742 μελέεσσιν,

402 3760 514 3841 ἀνδρῶν
535 3758 614 3827 εἶδος
633 3757 744 3841 ἔχουσι,
766 3761 848 3819 νύδσι
868 3758 894 3817 δ’
919 3757 1052 3836 ἐγένοντο
1073 3762 1212 3836 γυναῖκες.

249 3875 413 3935 cohaerent
431 3875 488 3934 iam
507 3873 593 3932 haec:
614 3869 668 3929 σύκ
688 3869 774 3948 ἐρέω,
795 3870 839 3938 ὡς
858 3870 926 3929 Meu.
948 3878 978 3930 et
998 3865 1058 3928 οὔτ’
1083 3867 1171 3949 ἐρέω,
1192 3867 1246 3927 οἷοι
1267 3867 1370 3946 γεγάα·

249 3987 293 4025 σιν
317 3965 350 4028 ἐν
373 3965 440 4046 hipp.
465 3967 598 4033 ἄνακτες.
639 3968 805 4026 Lectionam
831 3967 893 4025 cod.
914 3967 955 4025 M.
985 3965 1018 4023 ελ
1036 3968 1109 4023 τοῖσι
1134 3966 1159 4024 si
1185 3965 1249 4036 quis
1274 3969 1371 4036 urget,

247 4070 366 4136 praesto
386 4056 403 4139 ἢ
423 4066 497 4119 ποῖοι
515 4081 541 4120 v.
563 4056 580 4139 ἢ
600 4060 654 4120 οἷοι
675 4062 777 4121 eodem
791 4060 853 4120 fere
873 4078 968 4120 sensu.
1000 4061 1048 4119 Sic
1068 4068 1138 4133 apta
1159 4067 1224 4118 sunt
1246 4059 1367 4119 omnia«
