3108 4662
716 328 947 391 -102-

274 527 302 575 n.
325 522 381 575 289
406 514 491 572 nimis
517 511 641 589 abrupte
666 513 798 586 additur,
823 530 911 586 qumn
935 510 1027 589 αὐτὰρ
1052 509 1113 588 ἐμώ
1137 529 1194 573 non
1218 512 1326 572 habeat
1349 518 1406 571 cnh

274 610 438 684 oppositum
459 610 507 681 eit,
527 609 583 667 nisi
601 609 794 681 praecesserit
811 606 1017 667 Laomedontis
1037 606 1154 676 mentio,
1176 606 1223 664 cni
1243 606 1408 664 servierint·

274 704 427 776 Neptunus
447 708 478 761 et
489 702 604 774 Apollo.
624 700 792 773 quibuscum
807 707 841 758 ut
854 700 1058 760 Laomedontis
1079 700 1280 758 commercium
1299 697 1407 766 fuerit,

274 796 318 855 ita
337 795 393 853 sibi
412 810 476 852 cnm
495 794 588 852 tribus
607 794 663 852 illis
678 793 787 852 deabus
800 791 890 851 fuisse
903 791 989 850 Paris
1010 792 1090 850 dicit.
1121 793 1220 863 itaque
1240 809 1298 851 non
1317 792 1398 851 dixe·

275 889 330 946 rim
353 903 417 945 cmn
441 887 606 946 Hermanno
636 902 693 945 non
718 886 879 944 desiderari
903 885 959 942 nisi
984 901 1071 943 unum
1097 900 1226 955 versum,
1260 885 1291 942 in
1315 885 1400 944 cuins

275 980 358 1039 initio
377 978 466 1038 inerit
485 978 587 1056 τείχεα
603 977 811 1054 μαμμαζοοντα.
841 978 897 1037 hoc
917 978 992 1036 enim
1011 978 1040 1034 in
1054 977 1215 1036 Mutinensi
1234 977 1342 1049 legitur
1362 993 1399 1036 eo

274 1074 337 1133 loco
358 1088 415 1144 quo
434 1073 539 1144 reliqui
558 1072 673 1131 codices
690 1071 799 1130 habent
819 1071 918 1148 τείχεα
934 1067 975 1146 μή
993 1068 1139 1127 πίπτοντα.
1171 1069 1304 1142 equidem
1324 1070 1397 1129 illud

274 1182 292 1225 a
312 1166 398 1229 docto
419 1166 476 1238 [et]
497 1165 593 1237 potius
614 1165 675 1223 viro
691 1164 741 1235 qui
755 1164 882 1223 codicem
894 1163 1089 1221 Mutinensem
1103 1163 1221 1235 scripsit
1235 1161 1398 1235 profectum

274 1259 437 1332 putaverim
458 1260 513 1330 cui,
534 1274 621 1329 quum
641 1258 670 1315 iu
690 1256 872 1329 expedienda
891 1255 1013 1313 evanida
1033 1256 1182 1329 prototypi
1197 1258 1241 1314 sui
1254 1258 1408 1329 scriptura,
1500 1332 1503 1338 Δ

275 1358 354 1411 esset
380 1357 550 1423 occupatus,
575 1351 779 1423 intempestive
802 1349 940 1408 memoria
966 1349 1143 1420 suggerebat
1168 1350 1323 1408 Homerica
1348 1350 1399 1407 illa

274 1442 411 1532 τεμχεα
428 1442 634 1520 μαρμαίροντα.
665 1443 717 1501 sed
736 1444 791 1501 hoc
810 1457 923 1513 quoqne
943 1457 999 1501 non
1019 1443 1210 1500 concesserim
1223 1442 1406 1515 Hermanno,

274 1544 355 1597 recte
368 1537 478 1595 habere
492 1532 532 1591 ὧν
546 1533 628 1611 ὁμὲν
643 1568 678 1578 -
693 1532 847 1612 δωμήσατο
863 1568 898 1576 -
913 1532 1081 1591 Ποσειδάων
1096 1534 1144 1590 καὶ
1163 1534 1305 1593 Ἀπόλλων.
1333 1552 1399 1595 nam

277 1632 332 1689 etsi
351 1630 421 1687 nihil
442 1629 606 1688 offensionis
625 1627 715 1686 habet
728 1626 882 1705 δωμήσατο
898 1625 1065 1685 Ποσειδάων
1080 1627 1128 1685 καὶ
1142 1626 1276 1686 Ἀπόλλων
1290 1662 1327 1672 -
1343 1647 1400 1702 quo

277 1722 404 1797 syntaxis
426 1737 533 1793 genere
552 1721 583 1777 in
603 1720 704 1779 eadem
724 1737 756 1779 re
777 1737 846 1778 usus
867 1724 912 1778 est
924 1720 1069 1778 Hesiodus
1085 1718 1159 1792 frag.
1182 1728 1235 1780 136
1251 1722 1405 1781 Marksch..

277 1822 323 1890 (=
343 1823 380 1875 bl
402 1814 523 1883 Goettl.)
545 1811 595 1870 dra
614 1816 713 1892 τεῖχος
732 1810 882 1890 ἐϋδμήτοιο
901 1810 1008 1890 πόληος
1027 1811 1132 1891 ὑψηλὸν
1152 1814 1278 1890 ποίήσε
1298 1813 1400 1871 Ποσει-

276 1907 356 1966 δάων
376 1906 424 1964 καὶ
440 1903 579 1963 Ἀπόλλων
599 1921 726 1977 ususque
746 1912 792 1964 est
811 1906 954 1965 Homerus
974 1907 1007 1963 ll.
1031 1913 1083 1978 16,
1099 1912 1156 1965 844
1179 1906 1226 1963 ool
1246 1905 1302 1982 γὰρ
1327 1903 1401 1964 ἔδον-

276 2020 327 2060 xcv
346 2000 422 2079 νίκήν
442 1998 517 2065 Ζεὺς
538 1998 675 2077 Πμονίδής
695 1997 743 2055 καὶ
759 1995 912 2071 Ἀπόλλων,
939 2005 1035 2056 tamen
1057 2000 1188 2057 additum
1209 2007 1363 2072 praeterea
1383 1999 1407 2055 δ

274 2094 328 2171 μὲν
348 2095 421 2154 adeo
442 2110 588 2153 enormem
607 2094 681 2151 hanc
699 2091 797 2150 reddit
820 2097 1009 2164 structuram,
1035 2098 1144 2151 utnon
1163 2094 1258 2166 possit
1276 2110 1334 2152 non
1354 2110 1402 2152 su·

276 2189 366 2247 boriri
384 2189 568 2261 corruptelae
587 2186 721 2259 suspicio.
762 2185 936 2243 correxerim
956 2181 997 2241 ὧν
1018 2184 1190 2261 τὰμὲν-
1211 2185 1324 2262 τείχεα,
1345 2188 1402 2244 nisi

276 2280 352 2341 forte
372 2285 503 2354 praestet
515 2278 625 2358 draefii
645 2281 791 2337 inventum
811 2276 858 2335 οἷα
874 2277 928 2355 μέν
949 2280 1143 2340 conicienda«
1179 2280 1350 2353 Bernhardy
1369 2281 1400 2337 in

276 2374 454 2457 Hraecarum
474 2374 638 2432 litterarum
658 2373 780 2431 historia
806 2373 864 2441 (ed.
886 2374 951 2432 311
972 2391 999 2445 p.
1015 2378 1083 2443 403)
1111 2373 1226 2432 doctum
1247 2374 1402 2446 quemdam

276 2468 426 2526 librarium
445 2456 535 2525 verba
548 2463 717 2522 Ποσειδάων
738 2464 787 2521 καὶ
801 2463 939 2523 Ἁπόλλων
961 2483 997 2523 ex
1017 2484 1042 2524 v.
1058 2473 1112 2525 281
1135 2472 1165 2523 et
1179 2469 1234 2526 307
1250 2468 1318 2525 huic
1337 2468 1402 2526 loco

276 2559 399 2619 lacunae
418 2558 598 2619 obfucandae
624 2575 711 2616 causa
736 2556 884 2616 iniarsisse
910 2560 1033 2631 putavit.
1059 2591 1096 2601 —
1122 2557 1182 2617 291
1200 2558 1336 2633 βασιλεια
1355 2560 1401 2631 Μ;

277 2653 452 2718 δικάσπσλος
471 2670 507 2711 ex
521 2650 699 2716 δικασπόλος
720 2651 755 2722 0;
784 2685 816 2692 -
845 2649 909 2709 292
930 2649 1138 2730 ακήχεμένήσω
1158 2652 1204 2724 Μ,
1225 2650 1404 2731 ἀμήχεμένή-

278 2766 321 2805 σιν
334 2748 361 2806 R
375 2752 405 2805 et
417 2746 483 2805 sort.
498 2747 534 2804 N„
564 2745 691 2817 Vulgata
711 2746 856 2816 scriptura
872 2744 995 2804 offensus
1011 2747 1084 2803 haec
1098 2746 1264 2818 Schneider,
1286 2764 1314 2819 p.
1329 2753 1402 2805 444:

280 2841 436 2913 »pervelim
457 2839 532 2897 scire
552 2854 603 2895 cur
623 2843 748 2895 maestas
768 2844 857 2910 poeta
877 2837 955 2896 dicat
974 2836 1064 2896 fuisse
1085 2838 1169 2911 desa,
1194 2855 1250 2911 quo
1271 2844 1404 2912 tempore

277 2932 361 2990 Paris
387 2931 423 2989 de
449 2930 664 3002 pulchritudine
690 2946 788 2987 earum
814 2930 970 2987 iudicabat.
1009 2930 1154 2988 Venerem
1178 2936 1258 2989 certe
1277 2932 1407 3003 legimus

277 3044 305 3084 v.
322 3033 378 3084 158
395 3025 543 3100 μειδιᾶσαι
561 3039 615 3081 nec
629 3029 786 3096 potuerunt
798 3025 928 3095 reliquae
941 3024 1068 3082 nondum
1082 3025 1242 3083 diiudicata
1254 3042 1287 3083 re
1301 3026 1401 3082 tristes

279 3134 352 3178 esse.
393 3119 437 3176 sin
458 3124 554 3176 autern
574 3117 737 3190 putaveris,
763 3118 840 3189 quod
864 3115 981 3174 fuerunt
1001 3119 1049 3189 qni
1070 3124 1215 3190 putarent,
1238 3117 1403 3177 colluthum

278 3211 478 3289 αμολήιιτικῶς
497 3211 567 3269 deas
587 3211 696 3268 dixisse
715 3212 860 3269 maestitia
880 3211 1008 3282 affectas,
1030 3226 1102 3282 quas
1121 3227 1225 3268 revera
1241 3217 1307 3283 post
1320 3211 1405 3268 Pari·

279 3306 324 3365 dis
351 3306 463 3364 demum
489 3305 625 3362 iudicium
647 3304 745 3362 tristes
771 3320 834 3362 esse
862 3319 916 3376 par
941 3302 1009 3372 fuit,
1036 3319 1072 3361 ne
1098 3304 1152 3362 boc
1178 3305 1293 3375 quidem
1318 3308 1402 3376 patet

278 3405 377 3473 aptum
398 3414 471 3470 esse,
492 3413 579 3468 quum
592 3395 690 3453 Venus
710 3401 789 3454 certe
808 3412 865 3454 non
884 3395 1006 3454 baberet
1027 3412 1078 3453 cur
1098 3401 1252 3466 maereret,
1273 3403 1307 3454 ut
1326 3413 1403 3468 quae

278 3494 309 3550 in
334 3492 490 3551 certamine
515 3490 619 3548 victrix
645 3495 730 3547 esset.
768 3490 867 3560 itaque
893 3495 1008 3561 poetam
1031 3507 1088 3548 non
1113 3488 1307 3569 ἀκήχεμένήσι
1332 3494 1402 3549 scri-

278 3587 371 3658 psisse
392 3589 472 3657 puto,
492 3583 544 3640 sed
552 3580 778 3660 ἀμηχανέουσα,
799 3583 846 3640 eui
865 3582 1049 3640 coniecturae
1069 3583 1179 3654 aliquid
1199 3585 1313 3642 accedit
1331 3601 1403 3657 pon·

279 3677 356 3737 deris
377 3677 433 3753 [ll]
455 3692 490 3734 ex
509 3675 617 3734 codicis
631 3676 808 3734 Reimariani
822 3677 965 3747 scriptura
987 3677 1085 3746 [immo
1106 3680 1218 3749 errore]
1239 3693 1313 3748 quae
1333 3679 1401 3736 talis

280 3777 338 3830 est:
361 3769 562 3850 δμήχεμένήσα
598 3771 635 3829 de
654 3772 808 3843 participio
828 3787 885 3829 non
905 3776 982 3828 moto
1003 3768 1039 3827 cf.
1059 3772 1153 3829 Nonn.
1175 3769 1259 3828 Dion.
1281 3778 1328 3837 30,
1344 3777 1400 3829 282

279 3860 347 3920 ἰδών
367 3869 397 3922 et
416 3864 543 3923 Lobeck.
573 3865 674 3923 1ΡωόΙ.
695 3882 723 3937 p.
745 3871 827 3924 55οα
864 3859 1059 3942 ἀκήχεμένήαι
1078 3871 1158 3922 recte
1180 3864 1336 3935 explicavit
1354 3864 1400 3921 Iu·

279 3955 338 4013 lien
357 3973 386 4028 p.
408 3958 476 4027 137,
502 3957 552 4013 ubi
568 3957 646 4014 -deas
667 3962 735 4015 ante
760 3956 897 4014 iudicium
918 3956 1111 4015 solucitudine
1131 3957 1275 4014 cruciatos
1296 3972 1330 4014 eo
1351 3973 1401 4014 vo·

279 4046 382 4106 cabulo
398 4046 564 4119 designatas
576 4065 649 4107 esse
669 4050 741 4108 alios
762 4054 877 4108 secutus
898 4049 1005 4108 docuit.
1037 4051 1179 4108 Tournier
1200 4053 1296 4106 autem
1316 4066 1344 4121 p.
1364 4057 1400 4107 36
