3122 4656
718 358 929 420 ..36-

262 528 480 588 exantiebature
501 527 598 599 vertit,
615 523 745 586 Graefius
764 542 793 600 p.
805 531 860 584 243
880 528 947 599 post
960 541 985 582 v.
998 531 1035 583 24
1050 540 1100 583 eos
1118 523 1300 584 oollooandos
1315 540 1381 583 esse

262 621 335 680 dixit
353 621 395 680 sio
416 623 538 695 scriptos
559 619 596 678 de
614 619 729 679 intonsa
743 617 885 692 Apollinis
905 631 1003 676 coma:
1021 614 1161 695 χρυσείης
1181 612 1208 672 δ’
1232 610 1379 692 ἑκάτερθε

262 711 465 792 τινασσομένης
484 712 660 788 πλοκαμῖδας
679 709 793 787 Βύτρυς
818 708 1021 786 ἀκερσεκόμης
1040 707 1166 786 Ζεφύρῳ
1191 707 1378 786 στυφελίζετο

258 806 372 885 χαίτης.
412 792 513 877 Quam
527 805 720 864 oonieoturam
745 820 802 862 non
826 803 938 875 recepit
961 802 1069 876 Lehrs‚
1094 803 1164 862 lieet
1183 804 1233 875 qui
1257 802 1377 862 eandem

198 899 211 913 “
260 899 515 973 transpositionem
539 899 689 957 invenerat
707 897 855 955 Hermann
874 914 902 969 p.
918 903 968 964 10,
993 896 1211 968 perelegantem
1231 911 1295 954 eam
1315 910 1379 953 esse

260 992 439 1051 iudicaverit.
477 991 585 1051 Lenius
604 989 763 1050 Schneider
786 1007 815 1062 p.
829 996 894 1048 422.
916 996 972 1049 423
1003 989 1124 1047 laudata
1154 989 1377 1063 transpositione

260 1086 331 1145 nihil
350 1086 406 1144 nisi
425 1083 630 1159 τινασσόμενος
653 1085 683 1142 in
708 1081 911 1157 τιναοσομένου
934 1083 1056 1142 mutavit
1083 1083 1150 1142 »ubi
1175 1079 1379 1156 τινασσομένου

261 1177 402 1252 signifieat
425 1178 657 1252 properantis
686 1177 774 1249 [quod
798 1175 860 1235 fieri
885 1192 971 1249 posse
995 1177 1043 1234 vix
1066 1174 1167 1250 oredo]
1193 1176 1240 1234 uui
1264 1174 1377 1232 dativus

259 1291 290 1349 χ.
315 1269 487 1349 πλοκάμοισι
516 1272 616 1332 eadem
640 1272 753 1332 ratione
784 1276 830 1329 est
858 1270 974 1328 additus
1006 1275 1093 1341 atque
1121 1269 1182 1327 eius
1207 1267 1285 1327 modi
1306 1267 1378 1354 loeis

260 1366 359 1436 quales
389 1371 456 1425 sunt
485 1366 568 1426 Hom.
593 1365 674 1424 11.11
696 1371 750 1423 148
782 1361 856 1441 ληίου
882 1396 915 1405 ·-
940 1361 991 1419 ἐπί
1015 1357 1040 1418 τ’
1074 1359 1155 1438 ημύει
1184 1356 1377 1438 ἀσταχύεσσιν

261 1462 312 1516 unt
330 1458 425 1518 Nonni
444 1458 561 1532 Dionys.
575 1458 603 1516 II
618 1467 654 1519 80
674 1454 881 1532 κυλινδομένων
905 1453 1090 1530 κυπαρίσσων
1110 1450 1268 1532 αύχμηρυῖς
1293 1450 1378 1510 πετά-

261 1550 375 1609 λοισινσ.
410 1550 483 1609 Mihi
504 1552 584 1609 nulla
596 1551 757 1609 mutatione
770 1566 843 1623 opus
857 1564 921 1607 esse
937 1548 1060 1619 videtur,
1080 1548 1165 1606 modo
1180 1564 1243 1605 oum
1257 1546 1377 1606 Lehrsio

260 1648 405 1702 vertatur:
422 1644 536 1702 »aureis
551 1649 645 1702 autem
660 1643 804 1714 utrimque
819 1643 947 1713 agitatus
962 1642 1099 1699 cincinnis
1114 1641 1234 1712 capillus
1249 1640 1377 1699 intonsus

260 1734 392 1809 Zephyro
405 1735 622 1795 concutiebatur
632 1751 760 1795 comae«.
773 1767 806 1777 —
820 1732 861 1794 27
872 1731 943 1811 μεθ’
962 1730 1117 1810 ὡρίρτησε
1126 1734 1159 1792 Μ
1168 1744 1192 1791 1.
1204 1740 1234 1791 et
1244 1735 1278 1805 Q,
1288 1731 1378 1808 μεθυ-

257 1826 390 1905 μάρτησε
402 1826 435 1885 Μ
451 1835 488 1898 2.,
508 1825 723 1905 μεδωμοὶρτησε
742 1828 866 1887 APSW
887 1827 952 1886 edd.
974 1833 1040 1886 ante
1056 1826 1165 1898 steph,
1188 1822 1257 1902 μεθ’
1283 1822 1379 1901 ὡμάρ·

260 1938 330 1997 ιἠσε
351 1919 469 1980 OLNR
488 1920 613 1980 Bekker.
634 1920 688 1979 Iul.
702 1919 804 1979 Lehrs.
822 1916 892 1994 μέθ’
916 1917 1075 1998 ὡμάρτησε
1094 1919 1156 1976 rell.
1172 1919 1237 1977 edd.
1251 1918 1379 1977 Restitni

256 2010 381 2088 μεδώμ,
401 2019 435 2070 ut
454 2013 541 2071 etiam
562 2010 695 2071 Graefius
714 2029 742 2084 p.
758 2019 812 2070 243
833 2013 968 2070 correxit.
998 2043 1029 2052 -
1058 2009 1100 2070 28
1121 2006 1184 2069 ουδ’
1209 2012 1241 2068 Μ
1256 2019 1292 2081 1.,
1312 2005 1379 2066 οὐδ’

259 2102 292 2163 Μ
306 2112 347 2177 2.;
375 2100 452 2162 οὕτω
471 2122 524 2179 pro
544 2101 615 2181 αὐτη
634 2104 726 2163 Anon.
746 2103 927 2178 improbante
946 2103 1110 2178 Lennepio;
1136 2103 1271 2181 ἁρμονίης
1289 2104 1323 2162 M
1343 2112 1378 2174 1.,

260 2195 394 2275 ὑμνοίης
411 2197 444 2255 Μ
459 2204 494 2268 2..
515 2194 649 2274 apponte
670 2197 701 2264 θ’
722 2190 873 2273 topovelpc
892 2195 1090 2274 alveolos
1110 2198 1149 2269 o;
1174 2196 1317 2274 ἀνοοὸιτο
1336 2195 1376 2252 M·

259 2284 305 2348 De
329 2289 384 2349 hoo
408 2306 493 2348 versu
519 2304 603 2360 quem
621 2296 702 2348 reete
721 2290 814 2349 Lebrs
846 2306 957 2361 »neque
983 2291 1047 2362 ipsa
1070 2293 1173 2363 regina
1197 2292 1285 2348 etiam
1313 2283 1377 2348 oon·

260 2383 340 2455 iugii,
360 2382 474 2441 Venus«
498 2383 598 2454 vertit,
622 2383 693 2441 nihil
712 2383 768 2441 nisi
789 2383 917 2442 virorum
941 2383 1090 2442 doatorum
1110 2384 1311 2442 annotationes
1331 2399 1377 2440 su·

259 2474 372 2534 bio'iam.
413 2475 580 2534 »Brodaeus
606 2476 725 2546 reliquis
750 2476 857 2534 reatius
879 2473 928 2531 καὶ
953 2475 1129 2549 superfluum
1155 2492 1219 2534 esse
1247 2482 1277 2534 et
1294 2474 1376 2550 βασί·

260 2565 336 2624 λειαν
351 2565 499 2643 Ἁρμονιής
519 2584 599 2627 more
618 2573 716 2627 nostro
730 2566 864 2626 familiari
878 2569 1031 2627 admodum
1046 2569 1275 2641 coniungeudum
1295 2568 1375 2626 vidit.

258 2658 305 2718 lto
320 2657 454 2736 Χαρίτων
471 2658 606 2735 βασίλεια
626 2678 650 2719 v.
667 2668 710 2720 16.
737 2658 875 2735 θαλάμων
892 2660 1027 2735 βασίλεια
1047 2680 1071 2718 ν.
1089 2666 1151 2722 137.
1179 2660 1277 2737 γάμων
1294 2661 1377 2736 βασί-

260 2751 320 2809 λεια
333 2769 359 2811 v.
374 2761 439 2813 306.
459 2753 592 2812 Minerva
605 2752 734 2829 πολέμων
745 2753 878 2829 βασίλεια
891 2772 917 2811 ν.
929 2762 974 2815 89.
995 2753 1111 2812 σακέων
1122 2753 1258 2830 fleotimo
1270 2771 1296 2812 v.
1313 2755 1375 2812 174.

259 2844 389 2903 Baoehus
410 2842 550 2921 ἡμερίδων
568 2843 706 2920 βασιλεὺς
725 2864 751 2904 ν.
765 2853 830 2905 258.
871 2846 941 2904 (lum
967 2854 1062 2905 tamen
1082 2863 1139 2906 non
1158 2847 1230 2904 nihil
1250 2844 1377 2905 offendat

260 2936 361 2995 additu
380 2938 480 2996 vocula
501 2936 557 3007 καὶ,
578 2955 631 3010 pro
645 2955 680 2998 eo
693 2938 754 2998 fere
769 2939 949 2998 scribendum
965 2940 1127 3011 suspicaret
1147 2935 1217 2996 καθ’
1243 2945 1273 2998 et
1292 2940 1377 2997 unica

259 3030 345 3087 bbere
369 3030 447 3089 vocis
467 3027 612 3108 Ἁρμονίης
636 3037 759 3090 mutatu:
796 3029 864 3090 Οὐδ’
894 3027 965 3110 obeb
989 3031 1123 3106 βασίλεια
1148 3030 1221 3089 καθ’
1247 3030 1377 3108 Αἱμονίης

256 3118 411 3198 Ἀφροδίτη.
452 3122 529 3182 Ordo
550 3129 608 3182 est:
629 3121 692 3181 οὐδ’
713 3121 784 3202 αὐτη
802 3124 832 3199 β.
849 3121 997 3201 Ἀφροδίτη
1011 3122 1132 3203 δηδυνεν
1145 3120 1288 3203 ἐρχομένη
1302 3121 1371 3181 καθ’

260 3214 389 3296 Αἱμονίης
411 3212 446 3280 ἐς
469 3210 561 3272 ἄλσεα
591 3213 771 3293 Κενταύροιο.
887 3218 1032 3277 D'Orville
1053 3219 1239 3290 ..vulgatae
1264 3216 1377 3289 praef·

259 3308 378 3367 rendum
406 3309 580 3367 existimavit
606 3306 680 3383 pet’
703 3307 848 3387 Ἁρμονίης
873 3307 1020 3388 Ἀφροδίτη
1050 3327 1068 3369 a
1093 3327 1151 3384 qua
1176 3309 1376 3369 emendatione

259 3399 355 3460 forsan
383 3416 440 3459 non
470 3401 702 3460 discedendum«.
732 3402 888 3476 Lennep.
914 3403 1007 3461 Iulien
1038 3405 1086 3475 qui
1115 3403 1296 3475 Lennepium
1325 3402 1377 3459 im·

259 3494 362 3552 merito
382 3493 530 3566 obiurgat,
557 3496 640 3565 quasi
660 3495 709 3552 ille
729 3491 874 3572 Ἁρμονίης
898 3496 952 3555 hou
976 3497 1040 3555 loeo
1059 3495 1181 3554 Veneris
1203 3494 1291 3554 filiam
1312 3511 1376 3553 esse

260 3586 424 3657 statuisset,
450 3586 592 3659 probante
617 3603 735 3646 censore
756 3587 939 3661 Gottingeusi
963 3590 1056 3648 looum
1077 3589 1119 3646 sia
1144 3591 1232 3647 vertit
1257 3590 1376 3660 »Neque

259 3680 323 3751 ipsa
341 3679 445 3751 regina
464 3680 597 3738 amatorii
616 3680 707 3738 nexus
728 3681 824 3739 Venus
845 3681 987 3742 Ouuotata
1007 3686 1053 3740 est
1072 3683 1188 3741 veniens
1209 3683 1239 3741 in
1258 3697 1377 3740 nemora

261 3771 424 3830 Centauri«.
455 3772 527 3829 Tum
542 3772 673 3831 Graefius
687 3791 715 3845 p.
731 3781 786 3832 243
809 3774 934 3834 »Locum
947 3774 1196 3847 impeditissimum
1211 3777 1260 3847 qui
1273 3774 1375 3847 hyper·

259 3862 347 3923 baton
367 3869 473 3937 amant,
494 3862 617 3923 fortasse
631 3866 702 3924 satis
717 3867 883 3939 expeditum
900 3866 1052 3940 putabunt,
1073 3869 1178 3926 iuuetis
1191 3867 1287 3926 verbis
1308 3863 1376 3923 οὐδὲ

260 3955 320 4013 καί
338 3953 409 4033 αὐτη
423 3955 496 4039 flou.
512 3954 587 4032 Ἁρμ.
607 3955 678 4036 Ἀφρ.
704 3960 807 4031 quibus
831 3976 889 4021 non
913 3959 1112 4018 invidebimus.
1152 3961 1177 4019 Ε
1203 3958 1375 4019 coniecturis

259 4049 395 4109 facillima
415 4057 460 4108 est-
479 4050 621 4125 Lennepii
647 4052 718 4111 καθ’
744 4052 882 4130 Αἱμονίης,
908 4070 993 4113 versu
1014 4056 1059 4112 17.
1080 4052 1165 4112 facile
1185 4052 1375 4122 stabilienda;

259 4143 348 4212 hibet
373 4145 474 4224 eiiam,
500 4145 576 4223 quod
600 4148 728 4226 placeat,
754 4148 886 4208 Dorvillii
909 4144 982 4223 μεθ’
1006 4144 1164 4222 Ἀομονίης,
1194 4144 1374 4219 probandum
