3108 4662
591 312 802 376 ..93-

133 514 305 572 praesens
326 498 406 557 verbi
420 499 450 555 in
461 517 500 568 ne,
522 494 684 571 viden-di,
706 498 924 571 admirandi,
946 499 1121 558 laudandi
1138 500 1259 560 autdo·

133 593 234 652 lendi
255 609 342 651 sensu
363 599 430 651 ante
446 588 623 664 Ὑάκινθον,
648 609 700 666 pro
720 590 924 669 παραγνάφας,
950 593 1072 652 inveniri
1092 598 1203 666 potest,
1229 594 1259 651 id

134 687 211 758 qnod
233 685 366 757 equidem
386 685 494 744 frustra
519 686 674 757 quaesivi«
716 686 823 744 Veram
848 684 937 744 fuisso
960 684 1067 745 Graefii
1095 686 1132 744 de
1156 687 1260 744 lacuna

134 780 325 851 suspicionem
340 779 502 836 accuratior
520 778 626 837 codicis
641 778 814 837 Mutinensis
828 778 943 836 collatio
960 764 1100 837 ostendit.
1124 779 1257 850 Reliqua,

134 887 209 943 qnae
231 871 362 931 Graefius
383 873 420 931 ad
440 871 467 930 h.
489 873 509 929 l.
528 872 658 945 protulit,
684 872 858 944 improbavit
879 872 966 929 etiarn
989 870 1135 928 Hermann
1161 888 1190 944 p.
1214 877 1259 940 18,

136 966 223 1024 anihil
245 966 320 1025 eninr
345 968 451 1024 certius
478 981 561 1038 quern
586 962 776 1042 παυαγνάφας
796 965 825 1021 in
846 964 940 1022 medio
966 965 1091 1036 positum
1124 955 1202 1035 esse,
1228 970 1260 1021 ut

135 1061 174 1118 sit
194 1059 409 1131 deflectens;
430 1059 466 1116 ad
482 1056 630 1135 Καονείοιο
646 1054 804 1114 Ὑακίνθου
827 1062 923 1116 autem
945 1057 1038 1128 repeti
1053 1055 1161 1114 debere
1177 1052 1260 1132 θηεύ-

131 1171 223 1227 μενος
243 1149 346 1217 εϊδοςα
380 1153 533 1212 Caeterum
547 1152 585 1210 ad
598 1149 706 1226 κτέρας
720 1168 755 1209 ex
769 1150 952 1209 antecedenti
971 1166 1054 1207 versu
1068 1149 1258 1222 repetendum

135 1263 200 1305 esse
226 1244 384 1324 θηεύμενος
404 1247 477 1305 bene
498 1246 571 1304 vidit
592 1243 750 1304 Schneider
774 1262 801 1317 p.
829 1251 894 1303 414.
923 1277 955 1286 -
979 1241 1045 1302 242
1073 1242 1104 1299 ὃν
1126 1263 1196 1300 ποτε
1220 1244 1261 1315 Μ,

135 1334 239 1397 οὔποτε
258 1340 360 1412 LNQ,
383 1337 486 1397 οὐπυτε
504 1340 539 1409 A,
560 1336 664 1396 οὐποτὲ
684 1339 706 1398 C
727 1345 794 1398 ante
814 1356 898 1411 corn,
919 1335 1039 1395 οὔποτε
1060 1339 1082 1398 Ο
1103 1344 1169 1412 post
1188 1353 1260 1396 corr.

135 1450 199 1492 oum
225 1435 323 1506 glossa
348 1432 396 1489 καὶ
421 1431 505 1505 ὅπυυ;
531 1431 710 1507 κουρίζονται
733 1433 772 1504 L,
799 1431 942 1489 απόλλωνι
966 1433 1012 1503 Μ;
1042 1465 1074 1473 -
1104 1430 1166 1490 243
1192 1449 1261 1506 αμυ-

137 1524 222 1583 κλέσν
241 1527 283 1599 Μ,
304 1524 468 1604 ἀμηκλαίων
490 1527 527 1598 Q3
547 1523 673 1603 ἡγήσατο
695 1527 727 1598 Q,
748 1523 897 1602 ηγοίσσατο
922 1525 957 1584 W
976 1529 1032 1597 hn3
1055 1522 1095 1602 μὴ
1116 1525 1176 1584 ΜΟ
1197 1524 1260 1595 (sed

135 1623 166 1677 in
186 1620 241 1677 hoc
258 1640 281 1694 μ
301 1636 337 1678 ex
356 1624 441 1691 corr.)
462 1620 532 1692 La,
555 1616 595 1695 μή
616 1621 654 1691 A,
681 1617 715 1697 δη
736 1619 900 1692 PNRSV,
921 1617 971 1697 (μὴ
992 1620 1047 1689 vel)
1074 1616 1108 1696 δὴ
1132 1636 1187 1678 orn.
1209 1619 1262 1690 W,

135 1711 176 1768 διΐ
199 1713 228 1770 in
248 1713 281 1770 M
301 1711 424 1772 fortasse
446 1729 481 1771 ex
505 1711 538 1789 δή
558 1711 665 1772 factum
692 1719 736 1771 est
756 1729 773 1770 a
793 1729 829 1770 m.
853 1730 895 1786 pr.
917 1712 954 1770 δικ
975 1715 1015 1786 Α,
1041 1711 1076 1770 δέ
1099 1711 1128 1769 οἱ
1151 1730 1203 1786 pro
1224 1711 1264 1769 διΐ

135 1806 226 1865 hahet
239 1806 277 1865 W
297 1808 326 1862 in
346 1810 428 1864 textn
448 1803 494 1876 (δὲ
515 1802 555 1862 ici
570 1822 606 1864 nr.
622 1822 679 1864 sec.
694 1807 722 1862 in
743 1812 862 1879 marg.);
884 1808 913 1863 in
934 1798 1064 1880 margine
1079 1805 1112 1863 δὲ
1133 1805 1162 1862 οἱ
1173 1806 1262 1864 habet

136 1900 169 1972 P,
190 1897 223 1956 δὲ
238 1896 307 1957 ota.
330 1933 363 1940 -
386 1897 451 1957 244
468 1898 625 1974 σκυτυμένη
641 1899 673 1970 Q,
695 1897 852 1975 κλυζομένη
866 1900 900 1970 L,
923 1897 1083 1976 σκυζομένη
1097 1901 1160 1958 rell.
1176 1899 1259 1959 codd.

137 1999 171 2050 et·
193 1993 257 2050 edd.
285 1999 352 2051 ante
378 1993 479 2051 Lehrs.
502 2026 537 2033 -—
559 1992 644 2049 τοῦτο
671 1993 717 2050 W.
742 1994 829 2050 --In
856 1993 974 2065 vulgata
999 1994 1101 2064 horum
1128 2008 1260 2050 versuum

136 2086 261 2144 lectione
281 2087 389 2159 primus
415 2085 534 2145 offendit
553 2085 686 2158 Lennep,
714 2101 777 2142 cunr
802 2101 896 2156 neque
919 2086 990 2157 Iovi,
1016 2086 1260 2156 neqneLatonae

137 2179 168 2235 in
188 2176 243 2237 hac
263 2178 362 2237 fabula
382 2180 459 2237 nllae
480 2184 645 2253 competant
665 2185 777 2252 partes,
799 2196 892 2251 neque
917 2180 988 2237 satis
1009 2180 1140 2251 intellegi
1160 2180 1260 2252 possit,

137 2287 213 2343 quae
238 2270 327 2329 fuerit
351 2273 401 2330 illa
426 2273 555 2331 Latonae
581 2273 609 2329 in
635 2273 731 2331 Iovem
756 2274 816 2341 ira,
844 2275 961 2344 etquis
987 2273 1036 2331 ille
1062 2278 1154 2331 metus
1177 2273 1260 2345 Amy-

138 2365 292 2437 claeorum,
318 2381 355 2423 ne
374 2364 488 2423 Latona
508 2365 702 2437 Hyacinthum
719 2366 894 2424 abduceret.
938 2367 1033 2438 tiuare
1060 2367 1181 2438 primurn
1208 2383 1260 2440 pro

135 2453 171 2534 δὴ
193 2454 233 2513 διῒ
255 2455 331 2535 λητώ
352 2459 469 2530 scripsit
488 2457 558 2534 apul
579 2455 667 2534 ἀήτου
689 2465 718 2517 et
734 2476 787 2531 pro
808 2458 967 2535 σκυζομένη
988 2458 1177 2534 σκυζομένυυε
1202 2460 1261 2518 rita

140 2550 234 2608 videri
254 2556 353 2624 posset
374 2550 511 2610 Colnthus
532 2552 670 2623 voluisse,
691 2552 862 2624 Amyclaeos
889 2553 1113 2611 admirabundos
1134 2570 1259 2626 pugnam

137 2644 264 2716 Zephyri
284 2644 320 2701 ob
340 2644 371 2700 id
385 2644 546 2715 Hyacinthe
567 2644 719 2716 indignati,
740 2645 816 2715 quod
831 2645 993 2716 Apollinem
1013 2645 1069 2703 sibi
1089 2643 1260 2717 praeferret,

138 2739 317 2809 spectavisse
339 2752 431 2807 eaque
456 2752 520 2794 sese
541 2737 720 2795 oblectantes
740 2737 933 2809 Hyacinthum
956 2738 1127 2811 adduxisse,
1154 2742 1187 2795 nt
1207 2739 1261 2796 sci·

139 2829 210 2888 licet
225 2846 288 2887 cnm
303 2830 434 2902 Zephyro
449 2833 603 2887 certaret«.
633 2830 740 2888 Postea
761 2834 856 2888 autem
872 2831 1041 2904 intellegens
1063 2831 1189 2890 admissa
1209 2821 1263 2889 hac

141 2924 308 2982 coniectura
328 2924 479 2994 sequentia
503 2919 595 2998 αὐτὰρ
616 2919 753 2980 Ἀπόλλων
774 2919 826 2979 οὐκ
848 2919 920 3000 ἐδάη
941 2945 967 2980 κ.
984 2944 1009 2980 τ.
1027 2923 1049 2980 l.
1076 2926 1168 2983 minus
1189 2926 1262 2983 bene

138 3034 213 3076 nexa
243 3033 322 3086 esse,
347 3014 418 3094 apa’
444 3015 531 3094 ἀήτυυ
560 3021 625 3089 (pro
654 3016 726 3094 δηΐδι
755 3014 855 3094 aaron)
888 3018 1008 3075 retinnit
1033 3024 1062 3076 et
1087 3017 1263 3095 σκυζόμενσς

138 3111 272 3185 scripsit,
297 3117 327 3170 et
351 3108 499 3188 η’γοίσσατο
524 3109 689 3170 Brodaeum
715 3118 831 3170 secutus
857 3113 944 3170 vertit
973 3115 1136 3170 venerati
1168 3120 1262 3184 sunt3

138 3202 187 3259 καὶ
207 3202 308 3261 τοῦτον
328 3201 465 3282 ἀνήγαγεν
492 3211 587 3263 autem
615 3221 688 3264 »non
714 3206 789 3263 male
811 3206 898 3263 etiam
919 3198 1090 3264 a'Brodaeo
1117 3205 1262 3263 redditum

138 3300 175 3354 et
193 3297 286 3354 hunc
305 3298 339 3353 in
364 3297 482 3355 urbem
507 3302 741 3370 receperunt,
768 3298 898 3367 quamvis
919 3296 1016 3352 malim
1037 3296 1206 3368 simpliciter
1227 3300 1262 3354 et

136 3388 239 3446 illum
261 3389 501 3462 abduxerunt,
525 3406 561 3447 ne
582 3390 692 3448 scilicet
712 3406 776 3447 oum
797 3389 928 3462 Zephyro
949 3405 1080 3461 pugnans
1101 3390 1261 3447 interiret«

138 3480 281 3540 Vitiosum
296 3497 361 3540 esse
374 3481 516 3555 Lennepii
537 3484 730 3542 coniecturam
751 3485 796 3544 vel
810 3489 929 3556 propter
944 3482 1154 3542 intolerabilem
1169 3482 1263 3540 elisio·

138 3589 214 3646 nem,
235 3575 377 3634 neminem
397 3576 483 3634 hodie
504 3577 586 3635 latet.
625 3577 716 3635 Inlien
737 3577 807 3635 nihil
828 3577 883 3634 nisi
903 3573 1010 3654 νοήσας
1029 3577 1059 3632 in
1080 3573 1182 3653 νόησεν
1203 3590 1262 3632 mn-

140 3666 228 3737 tavit,
254 3674 284 3725 et
303 3669 404 3726 vertit:
432 3667 598 3742 »obstupuit
618 3686 685 3728 vero
707 3670 820 3727 Latona
840 3670 914 3741 Iovi,
936 3670 1012 3728 illius
1034 3686 1103 3742 ergo
1125 3669 1262 3741 irascens,

140 3766 170 3818 et
200 3775 265 3818 eum
300 3761 454 3833 abduxit«,
485 3761 625 3822 Latonam
657 3763 769 3821 scilicet
797 3763 942 3834 Apollinis
973 3763 1195 3821 amantissimam
1227 3778 1263 3819 ne

137 3853 271 3926 Iuppiter
290 3854 486 3927 Hyacinthum
512 3872 625 3927 qnoque
651 3862 771 3929 propter
791 3857 971 3929 praeclaram
993 3857 1054 3913 eius
1075 3855 1263 3928 pulchritudi-

138 3963 207 4005 nem
233 3947 391 4007 ahduoeret
415 3951 553 4008 metuisse
577 3956 667 4008 ratus.
713 3950 821 4009 Oeusor
847 3949 1045 4021 Gottingensis
1072 3950 1109 4007 ad
1135 3949 1263 4021 mythnm

139 4039 222 4099 nobis
253 4040 330 4099 haud
361 4042 483 4115 amplius
513 4048 611 4101 notum
642 4043 774 4101 allusisse
804 4050 920 4116 poetam
951 4041 1085 4100 credidit.
1132 4039 1263 4100 Graefius
