3122 4656
623 326 836 388 ..61-

166 511 292 590 palegorio
304 513 346 583 A3
370 509 458 589 ὑψόθι
477 528 532 572 om.
545 511 586 584 L3
611 510 731 582 Lennep
751 508 918 569 Brodaeum
939 513 1065 577 secutus,
1085 522 1196 566 commo
1216 503 1292 577 quod

168 607 198 663 in
228 606 293 664 aliis
321 605 387 664 edd.
411 611 478 679 post
506 603 587 681 ποίης
617 609 696 675 erat,
726 602 833 661 delevit
859 607 889 661 et
912 597 1072 675 κεκλιμένοι
1096 596 1185 675 ὑψόθι
1209 597 1291 675 ποίης

166 695 342 775 βαρύγουνον
362 696 409 756 ἐπ’
431 697 522 777 ἰσχίον
541 694 693 763 εὐνάζοντο
712 697 868 756 coniunxit.
904 693 987 766 Quod
1000 693 1105 750 iniuria
1119 696 1290 765 spreverunt
1317 734 1318 737 η

168 808 266 851 omnes
290 794 468 853 recentiores
493 792 626 850 editores.
654 821 688 832 -
715 787 777 847 121
799 785 970 863 κεκλομένοι
989 786 1040 854 Μ,
1069 781 1294 859 „extimeas

168 891 236 943 ante
256 901 344 957 corr.;
364 882 491 965 ἐπιοχίον
504 887 546 959 Μ,
566 880 611 942 ἐπ’
637 881 727 962 ἴσχιον
742 883 781 953 Ω,
803 914 837 924 -
859 879 921 939 122
942 877 1068 952 drecepi
1083 896 1119 945 ex
1132 880 1171 951 Ως
1193 876 1209 935 ὁ
1228 879 1294 937 rell.

169 978 251 1036 codd.
264 985 293 1037 et
304 978 383 1050 edd.;
399 976 550 1055 ὑψιλόφοιο
564 977 646 1036 codd.
658 977 729 1035 dett.
747 972 891 1050 (ὑνιειλόφ.
907 975 944 1045 Ω)
960 979 989 1031 et
1003 971 1068 1030 edd.
1079 979 1147 1031 ante
1156 970 1292 1044 Bekker,

168 1101 328 1181 ὑψορόφοιο
343 1104 376 1162 Μ
396 1110 425 1164 et
439 1106 501 1164 rell.
517 1105 598 1176 edd.;
618 1103 716 1180 φυγῶν
730 1104 765 1175 V,
785 1099 875 1178 φυτὸν
890 1103 923 1174 Ω,
944 1063 1042 1177 φῧιτῶν
1056 1115 1119 1157 cum
1138 1100 1234 1170 glossa
1247 1092 1292 1153 ἐλ-

169 1192 230 1253 θών
242 1195 278 1268 03
294 1192 433 1272 ὑπένερθε
443 1196 561 1268 ΜΟΙιΩ,
583 1193 727 1271 ὑπάνερθε
742 1195 776 1267 G,
792 1191 932 1251 ὑπένευθε
942 1194 976 1263 Δ,
992 1188 1099 1268 ὕπερθε
1113 1190 1292 1262 NPRSVW3

170 1321 204 1331 ω
226 1287 288 1347 123
302 1287 433 1366 τηλώθεν
446 1290 485 1349 W
498 1296 564 1348 ante
578 1306 666 1361 corr.;
691 1285 828 1366 ἐρράιυνα
841 1284 916 1359 1103
937 1285 1091 1364 διακτόρον
1106 1286 1153 1357 Μ;
1177 1282 1236 1342 εἰδὲ
1249 1284 1291 1358 Μ,

167 1378 211 1438 ide
231 1398 267 1440 ex
285 1376 337 1461 ᾖδε
352 1382 383 1455 Ο,
402 1376 458 1461 ᾖδε
471 1384 506 1456 A,
526 1378 576 1462 ἧδε
590 1384 624 1457 L,
643 1375 699 1461 ᾗδὲ
720 1383 917 1455 suprascripto
930 1400 956 1438 ει
970 1382 1006 1453 N,
1026 1375 1077 1458 ᾖδε
1093 1378 1292 1451 suprascripto

168 1493 194 1531 ει
206 1475 241 1547 R,
255 1471 315 1531 edric
328 1476 361 1548 Ρ,
381 1473 432 1553 ἣδε
446 1477 484 1547 Ως
507 1510 540 1517 -
561 1475 623 1535 124
636 1473 780 1550 ἀνορουσε
793 1476 834 1546 M,
853 1471 1014 1551 ἀνόρουσεν
1026 1471 1093 1543 ps,
1113 1468 1238 1530 ἀλέεινεν
1252 1471 1292 1544 Ρ;

69 1584 76 1590 ·
168 1562 196 1623 δ’
224 1574 292 1640 post
316 1566 394 1625 θεῶν
419 1587 473 1628 om.
492 1569 775 1642 AOLNPQRSW
806 1568 902 1641 (codd.
924 1568 996 1626 dett.
1021 1581 1129 1637 omnes,
1154 1571 1187 1623 ut
1211 1564 1290 1636 vid).

167 1659 213 1717 De
232 1661 368 1720 hocloco
388 1660 439 1719 cfr.
453 1662 648 1736 Lennepium:
670 1664 830 1737 »Loquitur
845 1679 930 1722 versu
950 1659 1151 1734 praecedente
1171 1659 1208 1718 de
1229 1659 1290 1719 solo

168 1754 313 1813 Mercurio
334 1756 471 1814 aParide
492 1756 601 1814 eminus
621 1761 789 1828 conspect03
810 1760 840 1812 et
859 1760 955 1812 tamen
968 1751 1015 1810 hic
1034 1751 1205 1808 immediate
1225 1749 1290 1808 sub-

168 1844 212 1902 dit
228 1862 347 1905 numero
360 1847 549 1906 multitudinis
565 1844 641 1904 θεῶν
661 1842 689 1902 δ’
716 1844 845 1902 α’λέεινεν
866 1842 998 1923 ὀπωπήν,
1027 1860 1062 1902 ac
1081 1845 1107 1901 si
1126 1860 1182 1902 non
1202 1844 1290 1902 solius

167 1936 318 2010 Mercurii,
350 1939 402 1997 sed
427 1940 514 1998 ctiam
538 1940 626 1998 trium
653 1939 772 1998 dearum
802 1954 859 2020 uua
885 1937 922 1996 od
947 1937 1085 1995 Paridem
1113 1937 1291 1995 tendentium

168 2031 340 2089 mentionem
359 2033 417 2090 iam
437 2031 562 2091 fecisset.
593 2032 704 2092 Forsan
719 2031 901 2091 scribendum
922 2029 994 2087 θεοῦ
1016 2026 1043 2086 δ’
1068 2025 1193 2086 ἀλέεινεν
1214 2025 1289 2085 dam·

166 2119 219 2199 πήν
239 2124 302 2194 quis
322 2126 498 2197 opinaretur.
534 2127 586 2199 [Et
607 2129 649 2184 sic
669 2143 723 2198 ego
747 2126 814 2185 olim
834 2126 966 2201 conieci].
1000 2124 1057 2184 Sed
1078 2140 1146 2183 vero
1165 2125 1221 2182 hac
1240 2124 1294 2183 ad·

166 2218 256 2274 missa
275 2219 449 2291 coniectura,
470 2220 529 2278 ulia
547 2220 632 2292 longe
654 2221 745 2279 maior
776 2219 931 2278 difficultas
953 2223 1089 2291 emerget.
1128 2217 1194 2276 Non
1214 2218 1290 2276 enim

168 2308 246 2368 solus
265 2309 428 2369 Mercurius
453 2312 491 2369 ad
510 2311 646 2371 Paridem
670 2313 866 2388 properabat,
890 2328 944 2369 nec
969 2311 1030 2369 eius
1056 2310 1196 2383 adspectu
1216 2310 1290 2372 adeo

167 2401 250 2460 Paris
271 2403 434 2476 obstupuit,
460 2404 513 2463 sed
532 2407 713 2479 potissimum
738 2406 856 2465 dearum
877 2406 962 2462 sImnl
982 2403 1019 2463 ad
1039 2389 1224 2462 temedarium
1245 2420 1290 2463 ar·

166 2494 284 2553 bitrium
298 2497 485 2555 tendentium.
519 2498 721 2558 Vcrosimiiius
735 2501 843 2572 itaque,
866 2503 980 2557 retento
999 2496 1077 2554 θεῶν
1090 2513 1207 2556 numero
1227 2497 1291 2571 plu·

167 2588 232 2662 rali,
253 2595 282 2647 et
301 2591 348 2649 hic
369 2590 511 2649 excidisse
526 2608 639 2650 versum
659 2609 746 2650 uuum
761 2598 811 2650 aut
824 2592 975 2650 alterum«.
1010 2589 1097 2648 Cuius
1117 2591 1291 2662 suspicionis

167 2680 324 2741 firmandae
349 2700 437 2742 causa
461 2684 499 2743 ad
520 2685 602 2744 Ouid.
622 2685 740 2745 Heroid.
754 2685 823 2744 XVI
841 2692 946 2756 61sqq.
966 2682 1141 2756 provocavit.
1182 2682 1293 2742 Contra

166 2774 224 2833 iarn
247 2775 366 2834 Harles:
400 2776 481 2849 »Ego
506 2794 574 2837 vero
594 2784 726 2837 neutrum
747 2794 819 2850 opus
844 2792 908 2836 esse
932 2775 1070 2848 arbitror,
1095 2774 1147 2833 sed
1173 2775 1203 2833 in
1228 2776 1289 2848 epi-

167 2866 248 2943 theto
272 2868 426 2942 Mercurii,
454 2866 607 2945 διάκτορον
638 2869 816 2942 nuncium,
841 2868 935 2926 latere
960 2867 1074 2925 videtur
1098 2882 1192 2940 mens,
1218 2866 1290 2926 deos

167 2962 285 3020 comites
305 2959 402 3020 fuisse.
436 2963 516 3021 Alias
538 2962 682 3020 utillud
704 2963 853 3035 epitheton
876 2960 1014 3034 frigidum
1033 2959 1136 3019 foret«.
1157 2991 1194 3002 -
1214 2956 1294 3017 ὁποι·

166 3053 217 3131 πῆν
230 3052 277 3125 Μ;
304 3086 337 3096 -
365 3052 425 3113 126
443 3054 683 3133 χυρονηκελάὸων
703 3056 752 3127 Μ;
778 3075 917 3134 επιφηνον
942 3051 1059 3129 ἐρείσας
1072 3055 1118 3127 M,
1145 3055 1221 3114 unde
1241 3052 1289 3114 ἐπὶ

166 3144 257 3224 φηγὸν
275 3142 395 3223 ἐρείσας
407 3149 526 3207 Bekker
539 3155 569 3209 et
587 3150 650 3207 rell.
662 3155 730 3224 post
750 3167 815 3209 eum
836 3149 911 3222 edd,
925 3144 973 3206 ἐπὶ
992 3147 1090 3225 φυτῶν
1110 3143 1206 3215 ἐάσας
1224 3152 1286 3209 rell.

167 3240 232 3298 edd.
258 3246 288 3299 et
314 3240 396 3300 codd.
421 3241 508 3316 dett,
533 3249 651 3316 praeter
676 3244 717 3316 G,
742 3245 797 3316 ,qui
823 3239 870 3301 ἐπὶ
893 3247 987 3319 φυτοῦ
1009 3239 1102 3308 ἐάσας
1127 3250 1157 3301 et
1180 3247 1211 3313 a,
1237 3246 1292 3317 qui

166 3328 212 3389 ἐπὶ
231 3331 322 3409 φυτὸν
343 3330 438 3400 ἐάσας
462 3335 558 3396 habet.
583 3332 630 3394 ἐπὶ
655 3336 739 3413 pirou
764 3333 858 3402 ἐάσας
883 3339 956 3397 coni.
977 3334 1121 3396 Schrader
1145 3335 1182 3394 ad
1207 3336 1283 3395 Mus.

162 3443 194 3501 p.
209 3433 273 3496 224,
300 3428 376 3499 quod
395 3429 564 3489 vocabulum
590 3445 625 3488 ex
643 3428 806 3507 φιιώνυρον
833 3432 884 3502 (al.
904 3433 983 3506 φυτ.)
1009 3430 1065 3489 sibi
1090 3427 1221 3491 finxerat.
1240 3426 1286 3488 ἐπὶ

159 3518 269 3599 φιτροῢ
294 3516 389 3586 ἐάσας
412 3522 485 3582 coni.
504 3520 648 3594 Dorvillo,
673 3517 719 3579 ἐπὶ
743 3521 834 3598 φυτοῦ
862 3517 954 3586 ἐάσας
973 3521 1139 3594 BrodacuS,
1164 3521 1292 3597 Stepha*

166 3628 220 3670 nus
250 3619 281 3671 et
308 3612 503 3687 Falkenburg.
545 3614 657 3673 »Aliam
682 3616 876 3674 coniecturam
903 3631 990 3689 super
1014 3621 1112 3675 nostro
1142 3616 1205 3677 loco
1235 3617 1287 3676 ad·

64 3694 71 3707 ⁸
166 3706 324 3779 scripserat
342 3707 386 3765 vir
405 3708 506 3767 doctus
526 3708 565 3767 ad
578 3708 673 3767 Aldin.
694 3708 858 3782 editionem,
878 3725 982 3782 nempe
1007 3704 1052 3766 ἐπὶ
1071 3705 1162 3787 φηγὸν
1180 3706 1290 3785 ἐάσας,

158 3798 215 3881 ,ubi
236 3800 324 3859 etiam
343 3801 401 3859 alia
419 3818 506 3861 rnanu
528 3802 704 3876 adscriptum
727 3808 791 3861 erat
810 3799 855 3860 ἐπὶ
874 3799 964 3879 φυτὸν
983 3803 1028 3862 vel
1048 3806 1131 3880 φυτῷ
1146 3798 1284 3871 ἐλάσσας.

166 3891 249 3971 Quod
267 3895 412 3966 posterius
432 3896 520 3956 verbo
543 3896 688 3956 indicasse
707 3895 848 3969 sufficiat,
875 3913 939 3956 curn
961 3912 1013 3955 sua
1033 3901 1136 3970 sponte
1156 3898 1227 3957 satis
1252 3915 1291 3958 so·-

165 3983 306 4046 destruat.
345 3988 440 4050 Priori
461 3990 644 4050 coniecturae
663 3991 828 4065 respondet,
849 3990 925 4063 quod
952 3990 1106 4063 aliquando
1127 4007 1163 4049 ex
1181 3991 1289 4051 amicis

165 4078 238 4137 meis
264 4080 380 4152 quidam
408 4082 569 4156 suspicatus
595 4082 704 4158 iuerat,
735 4080 781 4142 ἐπὶ
805 4082 897 4162 φηγοῦ
923 4079 1031 4158 ἐάσας,
1063 4084 1140 4157 quod
1164 4086 1290 4157 elegans
