3108 4662
737 335 1007 400 -92-·

281 522 410 583 codicem
424 522 616 581 Mutinensem
643 519 816 583 conferentis
837 524 935 581 oculos
955 521 1091 597 fugerint.
1112 557 1149 567 —
1171 523 1231 583 241
1252 523 1407 600 αμοκλέοιο

282 617 328 687 Μ,
354 614 542 693 παραγναφας
566 616 613 688 Μ,
643 613 833 692 παραγνάφας
857 615 1082 676 AGLNPRW
1111 634 1175 676 cum
1206 618 1271 676 edd.
1296 618 1364 676 inde
1390 635 1404 677 a

283 709 427 781 Bekkcrc,
448 708 622 787 παραμάψας
641 710 688 768 vel
707 707 879 786 παρανάφας
894 710 927 782 Q,
947 708 1189 788 ααραγνάμψοιςὸ
1211 719 1241 770 et
1258 711 1323 770 edd.
1339 717 1406 770 ante

284 801 424 874 Bolskan,
445 802 532 873 idque
552 803 672 873 retinui,
693 801 834 860 suadente
855 803 941 860 etiam
965 803 1088 863 Graefio.
1111 838 1145 847 -
1167 804 1197 861 cl
1214 803 1345 862 οκάνίίοο
1364 805 1406 862 Μ.

284 928 317 938 -
339 897 372 953 ln
392 898 510 970 vulgata
529 914 572 955 vv.
595 903 659 955 240.
676 903 729 955 241
754 896 898 969 scriptura
919 897 1028 969 primns
1042 897 1162 956 offendit
1175 897 1304 971 Lennep‚
1326 899 1406 957 cuius

282 989 354 1047 haec
375 995 420 1048 est
439 995 521 1048 nota:
550 989 686 1062 »Apollo‚
714 1005 770 1048 non
790 989 971 1062 Hyacinthus
993 989 1175 1049 Garnaeus
1199 992 1313 1049 dieitur.
1352 990 1407 1049 Vel

282 1083 381 1154 itaqua
403 1081 542 1141 Ooluthus
563 1083 681 1151 erravit,
703 1082 749 1141 vel
769 1083 956 1156 interpretes,
976 1085 1026 1155 qui
1041 1081 1189 1161 Καρνείοιο
1209 1102 1262 1157 pro
1277 1083 1406 1157 epitheto

284 1175 440 1248 Hyacinthi
467 1183 613 1249 ceperunt.
659 1177 761 1236 Potest
786 1175 862 1236 forte
887 1177 1065 1249 Hyacinthus
1095 1177 1142 1235 hic
1173 1177 1229 1235 dici
1257 1174 1406 1255 Καρνείου,

288 1271 394 1344 quippe
408 1270 551 1343 Apollinis
570 1273 704 1342 amasius,
726 1278 758 1330 ut
779 1272 1007 1344 distingueretur
1027 1271 1063 1330 ab
1085 1272 1149 1329 aliis
1170 1271 1298 1330 eiusdem
1318 1272 1416 1349 nomi·⁴

285 1365 357 1424 nis«
401 1364 508 1424 Contra
529 1364 659 1424 Graefius
680 1383 707 1438 p.
729 1373 794 1425 252.
815 1373 886 1424 253:
918 1365 1013 1424 »Leve
1034 1370 1079 1424 est
1099 1369 1129 1423 et
1149 1363 1234 1423 facile
1254 1365 1408 1423 emendan-

285 1460 352 1518 dum
372 1459 412 1535 id,
432 1460 461 1515 in
477 1476 532 1530 quo
546 1458 676 1532 Lennep.
697 1460 799 1530 buerit,
821 1457 1000 1532 Hyacinthus
1016 1459 1152 1517 Cernens.
1177 1457 1340 1517 Difficultas
1362 1463 1409 1516 est

283 1554 314 1610 in
328 1552 460 1625 particip.
477 1550 702 1629 humanandum
724 1551 851 1611 Belrlreri
871 1550 1060 1630 ααραγνάψοις
1073 1569 1159 1611 sensu
1174 1553 1260 1625 plane
1275 1550 1409 1610 destitui-

283 1652 339 1705 tur.
369 1644 494 1704 Verbum
514 1643 734 1721 παραγνάμπτιο,
755 1649 928 1718 suspectum
948 1644 1122 1705 Schneidero
1143 1645 1172 1702 iu
1193 1645 1263 1703 Lex.
1284 1645 1408 1703 hicnon

284 1737 339 1795 nisi
365 1736 545 1795 intransitive
572 1738 636 1810 capi
668 1743 778 1810 potest,
812 1742 845 1795 ui
869 1735 1082 1814 περιγνάμπτειν
1107 1737 1209 1811 Odyss.
1235 1737 1278 1796 IX
1303 1745 1349 1797 80.
1379 1743 1408 1795 et

285 1837 438 1903 cognatum
459 1827 682 1906 παρακάμπτειν,
703 1827 892 1906 ὑποκάμιιτειν
915 1836 969 1888 ete.
999 1830 1063 1890 Hoc
1083 1846 1135 1903 per
1155 1846 1186 1889 se
1206 1847 1263 1890 non
1284 1829 1408 1889 incredi-

285 1927 359 1998 bile;
382 1926 438 1997 ‚sed
460 1926 501 1983 sic
520 1931 587 1998 post
601 1922 757 1982 Ὑακίνθου
777 1925 918 1996 quaedam
939 1925 1042 1984 deesse
1062 1925 1209 1996 ridentur,
1233 1929 1266 1983 ut
1285 1924 1406 1981 miratus

284 2020 435 2079 Minervae
446 2023 585 2101 statuam,
605 2036 670 2078 mox
683 2025 936 2091 transgressus
950 2017 1143 2091 Hyacinthi
1161 2018 1313 2090 signum,
1333 2018 1408 2077 alio

285 2115 314 2171 it
322 2129 360 2172 er
374 2113 583 2183 inflectens,
598 2113 695 2170 nescio
707 2128 763 2184 quo
775 2128 806 2170 se
817 2113 972 2171 contulisse
984 2112 1097 2171 dicatur
1105 2111 1279 2171 Alexander.
1300 2110 1407 2168 Verum

285 2208 452 2279 relativum,
479 2206 554 2278 quod
574 2205 719 2276 sequitur,
746 2202 777 2261 dv
801 2224 871 2261 ποτε
897 2205 933 2263 de
957 2222 1044 2264 versu
1067 2204 1152 2262 huius
1178 2220 1279 2262 sensus
1303 2203 1408 2262 omisso

286 2301 414 2374 cogitare
435 2300 481 2357 vix
507 2299 625 2373 patitur.
667 2298 707 2356 Ht
730 2298 773 2356 nti
799 2299 916 2357 verbum
936 2297 1100 2375 διεμέτρεεν
1119 2316 1146 2357 v.
1168 2300 1235 2367 aaa
1258 2313 1312 2370 per
1336 2290 1409 2353 ἔνθα

284 2391 346 2470 μὲν,
368 2388 440 2451 ἔνθα
461 2391 495 2450 δὲ
515 2393 626 2452 duobus
646 2393 807 2466 participiis
827 2393 906 2465 iungi
930 2398 1035 2465 potest,
1059 2393 1102 2451 ita
1119 2398 1216 2451 tamen
1235 2396 1335 2462 aptum
1351 2405 1409 2448 non

286 2493 333 2546 est
351 2484 575 2563 παραγνάμψας,
596 2486 665 2558 quia
687 2492 717 2545 et
736 2486 868 2546 absolute
887 2486 1012 2560 positum
1033 2492 1091 2558 est,
1116 2489 1147 2544 et
1166 2501 1218 2557 pro
1238 2484 1347 2541 aoristo
1367 2482 1410 2539 sic

285 2596 424 2654 praesens
445 2579 638 2638 desideratur.
669 2580 771 2651 Neque
792 2580 867 2638 enim
888 2579 924 2638 ab
938 2580 1081 2652 Apollinis
1102 2579 1185 2650 signo
1201 2576 1238 2637 ad
1252 2575 1410 2649 Hyacinthi

285 2675 438 2746 imaginem
460 2679 511 2731 aut
531 2672 594 2731 vice
613 2688 698 2731 versa
719 2658 888 2731 deflectere:

324 2780 396 2844 ἔνθα
410 2780 443 2842 δὲ
460 2781 609 2859 Καρνείοιο
624 2788 676 2856 (sc.
691 2779 770 2849 εἶδος
783 2782 954 2860 θηεύμενος)
969 2778 1370 2860 ποραμνάμψαςὙάκινθον,

286 2905 373 2964 facile
394 2905 497 2978 potuit,
519 2905 624 2961 iunctis
644 2904 755 2976 potius,
776 2909 810 2961 ut
830 2902 979 2976 probabile
1000 2906 1058 2974 est,
1078 2903 1228 2972 utriusque
1248 2899 1352 2972 signis,
1373 2894 1408 2954 ci

288 3002 412 3059 Pausan.
439 2997 553 3070 111193
578 3013 672 3071 neque
698 2998 771 3056 mori
795 2997 896 3055 horum
921 3000 1071 3069 poetarum
1092 2994 1237 3065 convenit,
1263 2991 1355 3050 multa
1375 3005 1411 3048 ex

288 3093 438 3154 antecedd.
472 3094 617 3166 supplere.
662 3092 764 3164 Neque
796 3107 864 3149 vero
888 3089 943 3149 hoo
972 3090 1138 3148 coniectura
1167 3086 1282 3145 videtur
1307 3084 1410 3143 evitari

203 3171 206 3178 ¹
289 3206 384 3265 posse,
406 3189 497 3247 etsie
518 3188 584 3247 lect.
600 3185 669 3246 Ccd.
683 3185 757 3244 Mut.
778 3181 974 3260 παραγνάψας,
996 3181 1106 3241 duabus
1126 3180 1220 3239 literis
1240 3177 1269 3236 N
1283 3180 1311 3235 in
1332 3176 1360 3234 A
1380 3181 1410 3236 et

293 3281 369 3341 trin
390 3281 402 3340 ί
423 3284 494 3342 setis
518 3280 708 3355 probabiliter
727 3279 860 3350 mutatis,
887 3275 984 3348 effingi
1008 3279 1106 3348 potest
1128 3274 1215 3333 lectio
1240 3288 1296 3331 nnn
1322 3271 1411 3329 inele-

307 3395 358 3437 ans
378 3380 464 3437 hacc:

287 3396 305 3452 g
441 3482 514 3543 ἔνθα
534 3482 568 3542 δὲ
588 3480 748 3560 Καονείοίο,
767 3478 832 3557 παρ’
853 3477 1003 3556 ἀγλαΐας
1018 3475 1183 3534 ‘inmotos
1204 3475 1271 3547 [sic]

289 3607 411 3677 proptor
430 3601 680 3657 commemoratam
700 3609 766 3652 mox
780 3591 936 3664 Hyacinthi
955 3587 1198 3663 pulchritudinem
1218 3582 1411 3658 praeferenda

289 3699 369 3757 hum·
444 3781 518 3845 ἔνθα
537 3782 572 3842 δὲ
592 3779 741 3857 Καρνείοιο
760 3778 824 3855 παρ’
845 3770 1001 3854 ἀγλαΐας
1014 3771 1179 3832 ‘ramim
1199 3770 1265 3846 [sie]

190 3940 193 3947 ·
289 3901 345 3960 nisi
358 3900 401 3958 sic
413 3896 496 3956 malis
511 3891 662 3970 Καρνείοιο
675 3893 740 3965 παρ’
757 3887 868 3964 άγκοί
869 3906 958 3960 ναις,
974 3882 1148 3944 Ὑάκινθον.
1180 3880 1238 3941 Sed
1251 3880 1306 3940 hoc
1319 3879 1412 3951 magis

281 3993 401 4053 ⁴recedit
421 3999 450 4049 et
477 3991 582 4048 multus
609 3994 654 4047 est
675 3985 813 4045 Ooluthus
833 3984 863 4041 in
883 3980 1047 4055 usurpando
1067 3994 1128 4038 voc.
1149 3960 1261 4051 άγλάία.
1303 3974 1410 4033 Verum

289 4089 336 4147 rel
349 4088 391 4146 sic
405 4087 567 4158 importuna
582 4088 628 4141 est
641 4081 692 4140 illa
708 4079 825 4153 ellipsis,
840 4079 883 4137 ita
897 4077 1010 4136 demum
1025 4073 1169 4144 evitanda,
1187 4071 1213 4129 si
1226 4067 1412 4142 participium
