3108 4662
693 363 905 426 ..86-

240 569 291 615 νας
305 550 343 621 Q3
362 547 495 626 εῖαμένας
514 552 563 620 Ιιο;
583 544 739 623 ἐμιάνθους
752 546 919 621 Schneider,
935 543 1114 623 'dioopdrdoo
1134 548 1219 608 codd.
1242 555 1271 608 et
1292 549 1361 611 edd.

240 659 352 714 omnes3
377 662 419 703 vv.
443 646 509 703 227.
529 650 585 702 228
610 643 652 701 sic
676 646 918 713 transposuerunt
937 638 1068 699 Graelius
1090 645 1120 698 et
1140 641 1311 714 Schneider3
1331 643 1363 701 in

240 737 323 796 codd.
352 747 382 795 et
410 737 476 796 edd.
505 738 619 795 inverso
648 735 749 793 ordine
779 736 923 807 leguntur.
958 766 992 777 -
1024 732 1089 794 227
1119 733 1292 810 κεκλομένην
1318 735 1363 807 Μ,

241 827 405 940 κεκλῖμένην
424 864 475 937 W,
495 864 525 921 in
546 862 569 922 G
589 859 776 939 κεκλημένον,
797 860 850 920 sed
868 862 950 934 prius
970 883 987 940 q
1008 878 1044 921 ex
1063 880 1152 935 corr.;
1176 857 1296 939 ἐνόησεν
1316 857 1361 917 ἐπ’

240 958 273 1016 Μ
293 964 323 1016 et
342 972 417 1016 rece.
437 956 503 1016 edd.
529 956 597 1015 inde
617 972 636 1014 a
654 954 801 1023 Bekkero,
826 951 931 1030 ἐνόησε
950 957 1015 1032 παρ’
1041 957 1104 1015 rell.
1125 956 1208 1015 codd.
1234 960 1266 1013 et
1285 954 1363 1023 edd,

240 1051 295 1109 nisi
315 1050 393 1123 quod
409 1045 539 1127 ivsldpce
553 1051 592 1122 Ως
612 1045 736 1124 εορόταο
749 1048 793 1118 Μ,
812 1044 936 1121 εὐρόταο
951 1050 991 1122 Q3
1011 1081 1046 1090 —
1069 1048 1134 1108 228
1156 1048 1276 1125 οπάρτιν
1297 1049 1362 1120 (sed

241 1168 250 1202 ι
269 1162 305 1205 ex
324 1148 411 1216 corr.)
432 1145 471 1216 q;
498 1138 681 1218 καλιγύναικο
701 1142 739 1213 Q3
763 1140 921 1215 ἀτμειωνος
940 1142 988 1213 Μ;
1010 1173 1046 1184 -
1068 1139 1133 1201 229
1153 1144 1234 1202 huno
1248 1159 1364 1201 versum

241 1240 372 1312 sequenti
396 1242 622 1312 postposuerunt
644 1235 781 1295 Neander
809 1240 839 1293 et
859 1234 980 1294 Ubelus.
1024 1232 1197 1295 ὑποδαοκιον
1222 1238 1269 1311 Μ,
1297 1236 1366 1296 ὑπο-

242 1331 374 1403 δάοκιον,
401 1331 511 1391 (iente
535 1346 622 1401 corn,
647 1327 930 1399 AGLNPQRSW
950 1335 980 1386 et
1002 1329 1048 1388 ed.
1073 1330 1167 1402 Porti3
1193 1325 1299 1407 οὕμεος
1325 1331 1365 1402 0;

242 1425 307 1503 ὅλην
319 1427 366 1497 Μ;
386 1457 424 1465 -
445 1421 509 1482 280
529 1421 674 1479 ποιμαίνων
687 1421 722 1479 L.
744 1452 780 1463 -
799 1422 883 1480 Nunc
903 1421 939 1479 de
960 1427 1022 1480 tota
1039 1422 1151 1481 itineris
1166 1422 1364 1496 descriptione

240 1520 397 1578 videamus.
427 1517 571 1589 Imprimis
584 1515 760 1588 vituperavit
774 1514 937 1572 Oolluthum
952 1513 1071 1588 Lennep
1086 1532 1120 1574 eo
1140 1517 1263 1588 nomine,
1284 1516 1361 1588 quod

240 1613 408 1684 »Paridem
434 1610 545 1668 relictis
564 1608 695 1680 Mycenis
720 1609 801 1665 iuxta
819 1607 991 1679 Erymanthi
1013 1614 1100 1681 prata
1120 1608 1255 1680 Spartam
1275 1609 1364 1666 sitam

241 1705 280 1764 ad
298 1704 408 1763 fluenta
424 1704 554 1762 Eurotae
574 1700 698 1758 vidisse«
718 1701 889 1758 narraverit.
921 1700 1011 1759 »Cum
1032 1702 1108 1759 enim
1126 1702 1259 1775 Mycenis
1277 1702 1366 1761 Paris

240 1797 470 1873 proficisceretur
483 1795 619 1869 Spartam
638 1809 694 1852 non
714 1794 770 1851 nisi
789 1809 842 1865 per
856 1794 1041 1865 longissimas
1056 1794 1194 1868 ambages
1209 1797 1267 1853 iter
1280 1795 1363 1853 insti·

241 1892 358 1963 tuisset,
383 1890 421 1947 ad
445 1888 563 1947 findam
581 1887 803 1960 Erymanthum‚
828 1888 935 1960 quippe
960 1889 1048 1960 longo
1074 1891 1145 1948 satis
1171 1890 1363 1949 intervallos

241 1986 370 2059 Mycenis
395 1989 425 2042 et
444 1983 550 2056 Sparta
570 1980 702 2039 dissitum
727 1982 878 2054 pervenire
898 1981 1005 2053 potuit.
1047 1980 1104 2041 Sed
1131 1999 1286 2057 ponamus,
1306 1983 1363 2041 Pa·

240 2079 332 2138 ridem
352 2078 433 2134 iuxta
445 2075 653 2147 Erymanthum
672 2076 729 2133 iter
748 2075 931 2132 instituisse·
947 2074 1046 2133 Iamne
1060 2076 1140 2135 nulla
1154 2077 1276 2150 amplius
1289 2076 1365 2136 diffi-

241 2172 333 2230 cultas
359 2169 520 2243 supererit?
551 2169 612 2226 Imo
638 2182 706 2225 vero
731 2168 869 2225 uramara:
901 2183 955 2226 nee
980 2170 1055 2227 enim
1080 2175 1140 2228 tam
1165 2171 1252 2232 vicini
1279 2176 1363 2228 erant

233 2263 321 2331 ‚fluvii
339 2260 533 2335 Erymanthus
553 2267 583 2318 et
602 2261 738 2332 Eurotas,
759 2261 806 2318 cui
827 2260 935 2331 Sparta
955 2261 1128 2334 adiaciebat,
1149 2268 1190 2336 ut,
1211 2263 1261 2334 qui
1281 2264 1362 2321 iuxta

239 2355 410 2430 Erymanthi
429 2354 538 2413 fluenta
557 2353 738 2420 morabatur,
763 2355 821 2411 iam
846 2360 906 2413 tum
928 2354 1063 2427 Spartam
1083 2355 1213 2414 Eurotae
1237 2356 1359 2414 vicinam

239 2450 339 2509 videre
367 2453 492 2522 posset«
525 2479 559 2488 -
588 2446 735 2505 Letronne
759 2446 837 2520 apud
860 2447 1017 2519 Iulianum,
1051 2447 1087 2505 ab
1113 2448 1238 2507 Homero
1269 2455 1362 2508 trans-

240 2558 353 2601 versum
366 2545 463 2599 aetum
475 2539 589 2613 putavit
603 2538 780 2610 Colluthum3
801 2555 865 2597 oum
880 2540 955 2596 enim
974 2540 1024 2598 ille
1045 2537 1066 2605 ζ
1077 2547 1227 2600 102-104
1241 2542 1360 2602 dixerit:

244 2634 292 2714 in
311 2633 336 2691 δ’
349 2628 478 2710 ’Ἄρτεμις
499 2630 555 2690 εἶσι
579 2629 644 2690 κατ’
667 2625 773 2709 οὔρεος
796 2632 927 2711 ἰοχέαιρα
938 2626 979 2690 Ἣ
996 2633 1072 2691 κατὰ
1093 2631 1229 2711 Τηΰγετον
1249 2637 1361 2714 περιμή-

240 2740 334 2800 κετον,
353 2722 570 2804 ἢἙούμανθον,
591 2724 740 2785 colluthus
753 2726 961 2798 Erymanthum
984 2727 1013 2784 in
1034 2727 1136 2785 eadem
1151 2744 1186 2786 ac
1199 2729 1362 2802 Tangetum

240 2827 328 2893 terra,
347 2820 378 2878 id
398 2821 485 2878 estin
499 2818 727 2891 Lacedaemone,
746 2816 836 2877 fuisse
856 2824 973 2893 putans,
994 2820 1094 2879 urbem
1108 2820 1252 2894 Spartam,
1274 2840 1360 2896 quam

240 2929 259 2973 a
271 2914 402 2986 Tangeto
421 2929 478 2972 non
497 2912 581 2970 nimis
595 2912 704 2971 distare
717 2918 816 2972 notum
832 2917 904 2984 erat,
924 2930 1015 2987 prope
1032 2914 1071 2972 ad
1083 2915 1256 2987 Erymanthi
1268 2934 1363 2976 mou·

239 3009 286 3065 tis
312 3021 442 3079 pascua
468 3005 522 3076 (sio
546 3004 622 3063 enim
644 3004 709 3082 παρ’
729 3002 863 3079 εἰαμενὰς
880 3001 1058 3081 Ἐρυμάνθου
1084 3008 1294 3081 interpretatur
1314 3026 1359 3068 se·
1399 3061 1404 3069 .

240 3104 323 3158 cutus
343 3115 361 3157 a
380 3098 500 3172 Iuliano,
520 3099 569 3170 qui
587 3097 790 3178 ἀνερχομένοιο
811 3099 847 3158 de
867 3104 964 3159 monte
985 3102 1080 3173 aptius
1107 3118 1192 3173 quam
1213 3102 1250 3161 de
1272 3102 1360 3162 fluvio

241 3193 349 3251 dietum
361 3197 458 3266 putat)
479 3194 564 3252 sitam
578 3209 642 3251 esse
656 3193 712 3252 sibi
725 3195 912 3267 persuaserit.
944 3195 1046 3253 Paullo
1066 3181 1214 3254 meliorem
1228 3196 1302 3254 viam
1319 3196 1361 3253 in-

240 3303 356 3360 gressus
370 3291 416 3345 est
431 3285 561 3345 Graefius
573 3304 602 3359 p.
618 3293 686 3345 25οε
709 3286 842 3347 acoluthi
863 3288 1073 3361 geographiam
1094 3288 1231 3347 damnant
1252 3305 1358 3348 omnes.

240 3380 299 3438 Sed
318 3396 382 3438 cum
402 3380 448 3439 vel
467 3380 496 3437 in
516 3378 758 3453 desperatissimis
778 3382 872 3439 causis
896 3380 1078 3451 defensorem
1105 3387 1241 3442 accusato
1261 3398 1362 3442 conce·

240 3473 292 3531 dat
309 3474 484 3543 humanitas,
504 3473 662 3546 videamus,
683 3474 752 3547 quid
772 3476 915 3547 susceptis
935 3478 1052 3548 patroni
1071 3476 1203 3549 partibus
1217 3476 1362 3548 praestari

239 3567 341 3639 possit.
380 3566 522 3625 Achaiam
540 3585 566 3624 ν.
588 3574 643 3626 219
669 3568 705 3626 de
725 3568 859 3627 universa
879 3568 1004 3628 Graecia
1029 3570 1123 3641 accipi
1146 3586 1234 3642 posse
1260 3585 1359 3628 conoe·

240 3658 325 3731 dunt,
350 3665 431 3732 puto.
470 3660 531 3718 Iam
555 3675 612 3719 non
636 3662 698 3719 sine
723 3665 787 3719 arte
812 3678 830 3720 a
853 3667 942 3735 poeta
965 3662 1142 3735 institutum,
1169 3668 1203 3719 ut
1227 3662 1361 3720 Phthiam

240 3757 351 3811 tantum
372 3759 402 3812 et
414 3752 554 3827 Mycenas
573 3769 600 3811 v.
615 3759 671 3812 220
691 3760 927 3813 commemoraret
946 3754 1039 3827 Paria,
1060 3756 1144 3826 quasi
1164 3755 1361 3828 praesagiens,

239 3845 304 3903 illae
323 3861 389 3905 mox
401 3845 521 3904 Achillis
536 3852 566 3904 et
578 3845 801 3917 Agamemnonis
819 3848 933 3905 nomine
952 3861 1025 3920 prae
1049 3847 1155 3905 ceteris
1176 3847 1270 3904 claras
1290 3845 1361 3907 fore.

239 3936 310 3997 Mox
328 3954 397 3998 vero
417 3939 597 4012 importunus
617 3943 663 3997 est
680 3938 873 4010 Erymanthus
894 3955 957 3996 oum
979 3939 1091 3998 Eurota
1111 3945 1142 3997 et
1160 3941 1233 3999 urbe
1255 3939 1362 4013 Sparta

240 4031 417 4089 coniunctus.
457 4031 583 4090 Eurotas
604 4035 634 4089 et
654 4032 798 4104 Alpheus,
823 4032 870 4089 eui
889 4030 1082 4104 Erymanthus
1107 4033 1259 4101 miscetur,
1286 4048 1362 4092 com-

238 4138 338 4181 munes
357 4122 420 4182 lere
439 4122 532 4183 fontes
552 4123 668 4198 hahent,
689 4122 862 4185 etPausan.
877 4123 1009 4184 VH144.
1036 4125 1052 4201 S
1067 4133 1094 4184 3.
1115 4126 1192 4185 unde
1208 4126 1360 4198 >conficias
