3122 4656
746 337 962 401 ..32-

288 523 440 597 bergensis
464 522 496 581 in
519 520 680 581 Annalibus
699 527 789 581 1824.
815 520 889 580 P.V
913 537 941 595 p.
961 526 1083 592 bolueq.
1123 520 1227 594 Neque
1247 523 1323 582 onim
1347 520 1421 582 dicit

287 621 384 691 poeta,
410 631 461 676 ros
482 615 553 674 deas
566 630 586 673 a
598 613 705 674 Paride
724 614 867 674 indicatas
888 615 921 686 (l)
941 614 1064 686 vidistis,
1084 614 1137 673 sed
1155 615 1271 675 vidistis
1291 615 1418 676 iudicem

287 708 386 767 Parim
412 713 442 769 et
466 708 614 767 victricem
639 707 809 767 Venerem«.
850 706 1002 766 Consentit
1027 706 1158 767 Graefius
1184 727 1213 783 p.
1233 716 1289 769 242
1316 715 1414 768 »recte

286 802 394 878 Popoff
402 819 484 863 mens
494 803 639 879 μολοῦσαι
652 807 832 862 constantem
845 802 986 862 librorum
999 802 1154 861 lectionem
1167 801 1310 876 defendit,
1330 818 1418 875 quarn

287 897 350 955 sine
369 898 447 958 omni
466 912 555 957 causa
580 897 710 955 deseruit
728 894 895 968 Bellienus,
921 911 955 954 eo
979 896 1064 968 peius
1089 892 1216 969 iaciens,
1242 912 1298 969 quo
1323 882 1418 956 minus

286 991 516 1051 commemoratis
536 1007 580 1050 vv.
598 996 642 1049 15.
659 996 704 1048 16.
719 982 721 991 ’
734 989 860 1049 Paridi
875 996 905 1048 et
917 989 1026 1048 Veneri
1040 989 1176 1049 convenit
1190 994 1317 1048 accuset.
1331 987 1416 1049 ioem.
1444 1048 1447 1051 .

284 1079 445 1159 μολούσας,
472 1084 522 1157 qui
545 1100 582 1142 ne
607 1083 709 1141 addita
734 1082 850 1154 quidem
877 1081 1180 1155 postv.1elunonis
1207 1088 1237 1140 et
1262 1081 1414 1142 Minervae

288 1178 447 1248 mentione,
473 1182 594 1250 propter
618 1176 796 1248 praecedens
823 1181 854 1234 et
877 1176 1038 1249 proximum
1057 1175 1174 1234 Paridis
1200 1191 1319 1249 nomen,
1343 1177 1419 1234 satis

290 1275 376 1343 aptus
395 1269 507 1333 fnisset
546 1270 650 1341 Neque
669 1286 738 1329 vero
758 1285 878 1328 necesse
899 1275 956 1343 est,
982 1268 1019 1327 de
1044 1270 1157 1329 omissis
1186 1268 1329 1328 eiusmodi
1353 1284 1421 1328 ver«

288 1363 368 1424 sibus
388 1364 526 1437 cogitare,
549 1363 616 1436 quia
636 1363 707 1422 satis
728 1368 801 1435 erat,
825 1363 950 1421 indicem
971 1377 1211 1423 commemorasse
1230 1367 1261 1420 et
1282 1362 1320 1420 dc
1339 1361 1422 1421 Dea«

257 1482 259 1485 ’
288 1458 342 1517 bus
363 1474 437 1530 eam,
458 1474 532 1529 qnae
552 1457 677 1530 palmam
697 1463 908 1530 reportaverat.
938 1457 972 1514 In
993 1455 1232 1516 antecedentibus
1255 1462 1361 1529 autem,
1381 1460 1415 1515 ut

287 1553 318 1610 in
347 1553 489 1611 communi
519 1552 676 1622 sententia,
705 1552 748 1608 ita
777 1552 919 1609 communi
945 1552 1033 1608 etiam
1058 1566 1165 1622 genere
1191 1550 1227 1607 de
1258 1543 1420 1613 ἀθανάτοις-

290 1662 316 1703 v.
333 1650 367 1703 11
388 1661 445 1703 non
466 1642 640 1716 ἀθανάταις,
666 1651 745 1703 recte
765 1646 878 1703 locutus
899 1649 945 1702 est
963 1648 1060 1716 poeta,
1087 1651 1120 1701 nt
1138 1659 1235 1714 neque
1254 1643 1311 1701 huo
1331 1640 1415 1702 ioem.

287 1734 435 1813 μολούσας
469 1736 580 1796 referre
613 1738 728 1795 liceat«.
777 1738 889 1795 Similia
917 1737 1037 1809 protulit
1064 1736 1156 1794 Iulian
1187 1753 1215 1808 p.
1243 1742 1288 1794 59.
1311 1729 1422 1812 period·-

289 1849 339 1887 σαι
357 1830 491 1905 probavit
510 1832 598 1890 etiam
617 1833 722 1891 Iuliani
743 1850 846 1893 censor
866 1833 1075 1905 Gottingcnsis.
1097 1833 1144 1903 (K.
1162 1832 1364 1904 0211111111)
1384 1833 1415 1890 in

289 1923 444 1995 Gottiuger
465 1924 602 1984 Gelehrtc
622 1927 770 2000 Anneigen
792 1934 865 1985 1825
885 1945 913 2000 p.
936 1930 1157 1996 1545-1549).
1180 1957 1213 1966 —
1238 1924 1276 1983 14
1303 1924 1415 2001 ϊδαίηλσι

289 2015 412 2095 κάρηνον
431 2018 474 2090 Μ,
494 2025 527 2077 ut
547 2037 575 2075 σι
596 2018 634 2078 ed
655 2020 777 2097 κάοηνον
802 2037 859 2079 non
886 2021 923 2079 ad
949 2018 1022 2095 ιδαίη
1049 2020 1198 2092 pertinere
1223 2019 1414 2092 significatum

288 2109 380 2188 λδαίης
400 2109 523 2191 κάρηνον
544 2113 626 2171 codd.
647 2114 719 2171 dett.
740 2121 771 2172 et
791 2112 856 2171 edd.
877 2119 944 2171 anto
965 2111 1142 2185 Bckkerum,
1162 2113 1219 2169 nisi
1240 2114 1318 2184 qnod
1337 2114 1367 2171 in
1385 2106 1412 2172 L

288 2257 370 2316 colon
384 2262 452 2328 post
464 2252 555 2334 λδαῖης
571 2262 624 2325 est,
639 2274 762 2334 καρηνον
777 2256 817 2327 V3
837 2255 863 2314 A
878 2218 997 2332 alippiiu
1011 2261 1034 2325 (ι
1046 2257 1076 2313 in
1089 2272 1146 2315 res.
1158 2273 1176 2315 a
1186 2263 1252 2314 1112
1267 2274 1299 2312 ον
1312 2271 1412 2328 supra·
1460 2335 1464 2342 Ι
1546 2238 1547 2307 i

289 2348 427 2422 scriptum
446 2354 570 2420 21112),
591 2356 622 2409 et
642 2348 834 2427 bcxdppvovG
853 2351 942 2408 habet
962 2350 1039 2422 quod
1055 2350 1154 2422 Steph.
1168 2348 1250 2410 Lect.
1265 2355 1296 2408 et
1309 2349 1414 2406 Portus

290 2440 457 2513 ediderunt3
484 2442 606 2514 »quodsi
625 2443 706 2513 legas
727 2438 878 2518 δικάρηνον
903 2458 955 2499 seu
978 2439 1161 2517 τρικάρηνον,
1185 2440 1328 2499 constabit
1352 2453 1415 2497 ver·

289 2548 354 2592 sus«
370 2535 537 2594 Neauder
555 2537 586 2594 in
599 2550 690 2608 marg.
707 2566 739 2578 ·—
760 2535 879 2606 Lennep
893 2540 1046 2608 postquam
1061 2536 1119 2592 tria
1131 2535 1202 2593 Idae
1218 2534 1420 2606 promontoria,

289 2643 307 2684 a
332 2630 478 2688 veteribus
507 2630 723 2689 commemorari
756 2629 937 2702 exposuerit,
968 2630 1009 2686 sic
1039 2629 1138 2702 pergit
1171 2627 1295 2685 »Melius
1326 2624 1412 2699 paulo

287 2720 355 2779 huic
374 2723 438 2781 loco
464 2724 625 2781 consultum
650 2722 765 2794 fuisset,
792 2723 817 2780 si
842 2723 965 2780 alterum
991 2719 1161 2798 τρικάρηνον
1187 2720 1412 2779 substituissent.

287 2814 370 2874 Idam
389 2814 570 2892 τρικάρηνον,
590 2833 647 2876 non
668 2831 735 2874 vero
756 2813 907 2892 δικάρηνον
922 2815 1045 2874 Oolutho
1063 2814 1162 2886 inisse,
1183 2814 1323 2886 exipsius
1338 2812 1411 2872 Pha·

289 2910 387 2967 lacrae
408 2909 545 2969 hocloco
569 2910 714 2968 mentione
738 2912 829 2981 patet.
869 2908 928 2966 Sed
946 2924 1001 2967 nec
1020 2910 1114 2980 ipsum
1139 2907 1210 2965 illud
1236 2904 1412 2984 τρικάρηνον,

287 3002 344 3060 etsi
365 3008 450 3060 acute
477 3003 672 3074 excogitatum
697 3004 728 3059 ct
751 3002 846 3074 prima
871 3002 969 3075 specie
997 2999 1223 3060 commendabile
1249 2998 1412 3072 admodum,

288 3093 359 3153 ferri
379 3101 490 3170 potest:
515 3097 540 3154 si
561 3097 637 3154 enim
657 3094 800 3153 Phalaora
819 3111 906 3152 unum
929 3110 945 3152 e
965 3096 1058 3154 tribus
1084 3094 1290 3167 promontoriis
1315 3091 1421 3163 fuerit

287 3189 365 3247 nullo
386 3189 471 3249 modo
492 3189 640 3249 commode
661 3188 718 3247 dici
737 3194 837 3262 posset
857 3187 1029 3265 τρικάρηνος
1048 3185 1145 3265 τρηιλιν
1168 3184 1333 3263 Φαλάκρης,
1355 3184 1413 3243 nisi

288 3289 401 3342 statuas
421 3280 467 3340 ἐπὶ
486 3283 603 3360 πρηῶνα
623 3278 791 3358 τρικάρηνον
807 3277 910 3356 Ἰδαίης
927 3278 1083 3359 Φαλάκρης
1095 3281 1220 3354 positum
1243 3294 1308 3338 esse
1327 3276 1412 3337 modo

287 3379 381 3451 poetis
401 3376 538 3435 familiari
558 3393 611 3449 pro
631 3373 677 3460 {nl
696 3375 813 3452 πρηῶνα
836 3372 991 3451 Φαλάκρης
1007 3371 1112 3451 Ἰδαίης
1131 3369 1305 3450 τρικαρήνου
1325 3371 1419 3443 idque-

286 3489 339 3545 pro
359 3468 405 3528 ἐπλ
424 3492 451 3527 α.
470 3468 504 3529 Φ.
518 3464 596 3546 Ἴδης
615 3466 797 3546 τρικάρηνον,
816 3468 1057 3542 quemadmodum
1077 3466 1208 3545 σεληναίη
1228 3483 1282 3541 pro
1302 3463 1419 3542 σελήνη,

286 3562 411 3644 Ἀθηναίη
436 3582 490 3638 pro
515 3560 623 3639 Ἆιλήνηε
653 3562 729 3633 quod
755 3569 854 3621 tamen
878 3563 1029 3636 probabile
1061 3561 1141 3621 haud
1167 3558 1289 3619 videtur.
1326 3555 1414 3634 Ἰδαίη

291 3657 428 3736 Φαλάκρη
453 3660 567 3719 omnino
591 3659 733 3718 adiective
758 3660 855 3733 capio,
880 3655 1120 3731 quemadmodum
1140 3661 1200 3714 v.4
1221 3648 1341 3731 Ἰδαίησι
1359 3669 1412 3729 χο-

284 3756 390 3830 ρείαις,
416 3771 441 3812 v.
458 3760 494 3812 69
515 3750 628 3817 Ξάνθος
646 3738 765 3826 Ἰδαῖος,
790 3769 817 3811 ν.
834 3761 888 3813 100
904 3746 998 3826 Ἰδαίη
1017 3744 1108 3825 ἄκρη,
1133 3764 1159 3806 v.
1175 3753 1230 3806 116
1250 3742 1342 3802 Ἰδαῖα
1361 3740 1414 3822 ὄρη

290 3853 320 3906 et
339 3847 405 3906 aliis
425 3849 455 3905 in
474 3847 554 3906 locis.
594 3847 674 3906 Nihil
698 3847 829 3919 adeoque
856 3850 1003 3918 superest,
1031 3859 1117 3914 quam
1140 3847 1174 3900 ut
1200 3836 1317 3899 aliunde
1339 3853 1419 3898 com*

288 3940 447 3999 modiorum
477 3940 650 4012 scripturam
681 3939 971 4012 cbcnmspioiamus«.
1018 3937 1115 4008 Quare
1145 3940 1251 4007 p.109
1282 3949 1319 3991 ex
1348 3929 1417 3989 libri

290 4033 474 4092 Ambrosiani
493 4033 639 4105 scriptura
658 4051 767 4111 κρηνας
786 4031 843 4103 (sic
857 4032 931 4090 enim
947 4032 974 4089 ei
989 4046 1025 4089 ex
1039 4031 1095 4089 hoc
1108 4027 1183 4086 libro
1202 4024 1277 4084 falso
1290 4025 1421 4082 relatum
