3122 4656
743 320 954 383 ..40-

289 502 396 579 κόμπον
416 500 508 580 α’ζοαξε
521 526 549 562 κ.
563 503 613 565 cfr.
629 523 654 564 v.
670 513 706 566 55
721 512 772 565 aut
790 506 868 585 χειρὶ
888 505 922 563 δὲ
941 505 1022 583 γαίης
1035 502 1123 563 δυάδι
1137 504 1240 563 κόλπον
1254 502 1347 581 docfa
1360 526 1406 562 aa«

287 595 429 670 Lennepii
451 598 645 657 coniecturam
667 600 839 673 improbavit
859 601 945 658 etiam
970 599 1117 678 Hermann
1137 618 1166 671 p.
1183 604 1310 671 10-11,
1331 599 1408 684 qaia,

290 688 362 746 ‚nisi
382 690 459 760 quod
473 694 678 764 grammaticae
699 709 757 751 non
776 698 929 767 repugnat,
949 693 1021 751 nihil
1040 688 1300 753 haec'eoniectura
1318 692 1407 751 habet

287 780 441 841 laudabile.
481 784 556 842 Nam
581 800 617 844 nc
643 801 861 845 commemorem
886 787 1014 859 ineptum
1036 784 1078 860 li]
1101 785 1148 842 hie
1174 785 1322 858 epitheton
1344 801 1408 844 esso

288 868 383 947 εὐρέα,
404 889 478 946 quae
498 875 627 935 illatam
647 879 801 951 singularis
820 879 897 938 ratio
918 884 963 937 est
982 876 1088 937 furoris
1108 877 1300 951 significandi,
1321 892 1408 936 manu

287 973 395 1025 terram
414 967 589 1040 percuteret
616 968 706 1030 Immo
726 972 776 1044 qni
795 971 837 1029 ita
864 977 931 1029 sunt
956 971 1018 1029 irae
1043 971 1229 1043 impotentes,
1256 971 1351 1028 solent
1375 986 1407 1028 se

287 1060 365 1132 ipsos
378 1064 455 1120 totos
474 1062 503 1118 in
524 1066 631 1120 terram
651 1062 753 1136 fligere
774 1071 804 1122 et
823 1064 901 1122 humi
924 1065 1047 1123 volvere.
1076 1063 1168 1136 idque
1188 1063 1275 1122 etiam
1289 1062 1406 1122 Eridem

285 1147 390 1209 fecisse
410 1151 468 1210 dici
487 1154 533 1211 vel
557 1161 721 1227 corruptum
747 1154 819 1213 illud
839 1151 909 1213 οὐδέ
927 1174 960 1213 τε
986 1171 1104 1215 monere
1129 1154 1269 1227 debebat,
1292 1156 1322 1214 in
1350 1172 1407 1226 quo

287 1244 350 1314 quis
364 1259 420 1302 non
434 1247 532 1304 statim
545 1247 643 1306 videat
665 1243 748 1305 οὔδεϊ
762 1249 875 1307 latere?
907 1247 1063 1308 Confirmat
1082 1249 1157 1306 hanc
1178 1247 1406 1307 emendationem
1441 1322 1446 1327 ,

287 1338 431 1410 scriptura
455 1337 562 1398 codicis
587 1340 661 1398 Mut.
686 1335 749 1397 οὐδ’
774 1340 902 1406 ακόλπος
926 1338 1026 1418 ἄραξε.
1069 1341 1153 1413 Quod
1178 1341 1203 1399 si
1227 1342 1302 1399 haec
1326 1347 1406 1400 recte

286 1430 468 1502 conieoimus,
488 1432 660 1503 relinquitur
682 1440 715 1490 ut
736 1432 878 1492 exciderit
896 1433 1006 1504 aliquid
1025 1434 1071 1491 vel
1092 1438 1159 1491 ante
1180 1451 1206 1489 v.
1221 1439 1257 1492 48
1279 1433 1325 1490 rel
1339 1438 1406 1492 ante

288 1522 376 1598 γαίης.
409 1524 485 1581 Nam
506 1522 630 1583 fortasse
650 1541 707 1585 non
727 1526 826 1599 inepte
846 1526 1026 1599 opinabimur
1045 1527 1119 1584 hanc
1138 1526 1230 1598 ipsam
1243 1541 1341 1584 vocem
1356 1525 1407 1584 ali-

287 1615 356 1685 quid
376 1616 541 1687 contulisse,
562 1623 599 1674 ut
617 1618 820 1676 omitterentur
839 1620 982 1678 nonnulla.
1014 1619 1107 1690 Quum
1128 1620 1202 1677 enim
1223 1620 1273 1690 qui
1293 1618 1331 1677 ad
1344 1625 1407 1677 tan·

286 1712 347 1764 tum
368 1707 579 1780 desperationis
599 1707 725 1769 furorem
746 1711 840 1768 evecti
860 1718 935 1782 sunt,
956 1713 1051 1769 crines
1071 1711 1127 1770 sibi
1140 1711 1304 1771 discindere
1318 1717 1405 1782 atque

287 1800 411 1858 evellere
432 1802 553 1875 soleant,
574 1804 635 1863 veri
655 1805 748 1862 simile
767 1805 891 1876 videtur,
912 1806 942 1863 id
962 1805 1048 1864 etiam
1070 1805 1106 1863 de
1126 1805 1216 1864 Eride
1238 1821 1302 1864 esse
1322 1820 1407 1877 prae-

287 1892 426 1951 dicatum:
448 1901 481 1951 ut
500 1912 525 1953 v.
540 1898 577 1955 47
598 1898 737 1971 scriptum
758 1894 847 1956 inerit
864 1896 941 1974 χερὶ
960 1896 994 1955 δὲ
1005 1896 1118 1976 χαίτας,
1140 1897 1275 1969 aquibus
1289 1897 1406 1958 vocibus

286 1983 324 2043 ad
344 1986 451 2045 similes
472 1985 506 2045 δὲ
527 1989 607 2065 γαίης
621 1989 759 2049 aberrans
772 1992 871 2049 oculus
884 1990 1066 2049 librariorum
1084 1990 1114 2047 in
1133 2006 1260 2050 errorem
1281 1990 1407 2049 abduxe-

285 2077 351 2136 rit«.
397 2080 480 2140 Haec
511 2082 672 2155 Hermann,
706 2082 809 2155 quihus
837 2082 931 2142 Lehrs
959 2101 987 2157 p.
1006 2083 1075 2141 vm
1098 2083 1154 2143 hoc
1183 2084 1275 2143 solum
1305 2098 1404 2142 verum

285 2171 380 2230 inesse
405 2174 542 2247 putabat,
574 2175 733 2248 »Lennepii
756 2172 844 2250 εὐρέα
867 2177 996 2250 ineptum
1021 2191 1099 2246 esse;
1129 2176 1167 2234 ds
1192 2176 1311 2247 reliquis
1336 2191 1405 2235 rere

284 2265 370 2337 longe
395 2267 480 2326 aliter
506 2269 653 2327 sentimus.
693 2268 723 2328 si
751 2269 819 2341 quid
844 2268 881 2327 de
906 2274 1005 2328 nostro
1030 2270 1059 2326 in
1086 2275 1195 2326 textum
1221 2268 1404 2328 introducere

285 2358 489 2432 voluissemus,
515 2357 586 2428 δξέο
605 2362 832 2433 scripsissemus.
873 2362 927 2433 Qui
949 2378 1012 2420 cum
1033 2362 1198 2420 Hermanno
1218 2363 1248 2420 in
1268 2367 1402 2434 corrupta

285 2450 402 2523 vulgata
422 2452 586 2525 codicisque
599 2453 773 2513 Mutinensis
794 2455 918 2513 lectione
939 2470 1037 2513 vocem
1057 2449 1147 2519 οὖδας
1161 2470 1319 2527 agnoscere
1334 2454 1403 2517 vult,

287 2544 312 2601 is
332 2545 468 2604 coniiciat
487 2551 603 2619 poetam
623 2548 773 2620 scripsisse
793 2541 884 2611 οὖδας
907 2543 1056 2621 diapasoa
1081 2548 1169 2618 [quod
1194 2549 1224 2606 in
1250 2547 1404 2606 secundam

285 2636 440 2696 sditionem
450 2640 573 2713 recepit]
585 2643 636 2698 aut
649 2634 806 2715 dxqonoc«.
829 2641 906 2713 Quas
919 2646 1015 2698 tamen
1029 2641 1210 2699 coniecturas
1224 2641 1270 2698 vel
1283 2645 1404 2713 propter

286 2731 506 2803 amphibracbos
527 2738 628 2790 contra
649 2734 796 2806 epicorum
816 2748 924 2792 morem
944 2733 1129 2791 continuatos
1139 2739 1220 2790 recte
1233 2732 1405 2805 improbarit

284 2822 426 2882 Tournier
445 2842 472 2897 p.
488 2832 532 2884 la.
572 2825 703 2883 Omnium
731 2828 838 2899 optime
862 2830 895 2883 ut
918 2825 994 2884 solet
1016 2822 1174 2884 Schneider
1193 2841 1221 2897 p.
1236 2830 1306 2882 41⁴1:
1340 2841 1401 2882 ser·

285 2932 351 2974 rare
376 2916 446 2975 mihi
470 2917 585 2974 videtur
605 2917 808 2999 [Hermannus]
835 2917 911 2987 quod
939 2917 977 2975 ad
1003 2915 1161 2975 furorem
1188 2915 1404 2988 significandum

284 3008 356 3066 Erin
377 3009 435 3067 dici
453 3015 538 3083 putat
552 3026 638 3069 manu
653 3018 760 3068 terram
774 3013 936 3084 percutere.
967 3010 1148 3080 nequeenim
1163 3007 1304 3067 furentem
1318 3015 1405 3082 poeta

285 3101 332 3160 hic
346 3099 417 3160 lacit
430 3102 511 3174 Erin,
532 3102 584 3161 sed
605 3104 744 3162 incertam
765 3103 834 3175 quid
853 3110 932 3175 agat,
953 3107 986 3159 ut
1005 3103 1125 3161 deorum
1145 3102 1255 3175 epulas,
1275 3102 1314 3159 ad
1334 3118 1404 3173 quas

285 3195 346 3252 sola
359 3210 416 3254 non
437 3201 502 3253 erat
521 3202 656 3254 vocatas
673 3197 770 3268 Peleo,
790 3196 896 3268 turbet,
917 3202 946 3254 et
966 3194 1050 3253 modo
1070 3196 1125 3253 hoc
1144 3194 1228 3253 modo
1249 3185 1319 3251 illud
1340 3210 1404 3251 con-

284 3288 380 3346 silium
393 3287 555 3361 capientem
568 3286 687 3358 inducit,
705 3287 783 3344 velut
796 3292 903 3344 terram
917 3287 1012 3358 quatit
1025 3293 1058 3342 ut
1071 3285 1221 3343 Titanibus
1235 3283 1403 3343 facultatem

285 3380 336 3440 det
359 3380 537 3452 erumpendi.
567 3395 623 3451 quo
648 3385 800 3452 perspecto
826 3385 856 3437 et
880 3385 1012 3451 apertum
1040 3385 1085 3436 est
1117 3394 1234 3436 causam
1258 3394 1315 3437 non
1341 3392 1404 3435 esse

285 3489 337 3531 cur
355 3479 423 3546 post
441 3489 467 3530 v.
483 3474 519 3530 47
540 3488 603 3529 cum
618 3472 782 3531 Hermanno
802 3476 936 3549 putemus
958 3472 1068 3542 aliquot
1082 3488 1181 3530 versus
1196 3487 1261 3529 esse
1276 3471 1404 3538 omissos,

286 3573 316 3625 et
336 3566 427 3637 quivis
447 3566 557 3625 videbit
575 3583 628 3638 pro
648 3559 751 3641 ἤθελεν
771 3562 916 3640 ὀρφναίων
936 3582 961 3620 ν.
977 3570 1014 3622 49
1035 3563 1218 3623 scribendum
1239 3579 1303 3622 esse
1317 3557 1404 3641 ἧδελε

286 3657 315 3715 δ’
335 3656 493 3734 ὀρφναίων,
524 3664 591 3732 post
615 3657 719 3735 πέτρην
743 3659 839 3731 posita
863 3674 918 3715 non
950 3657 1073 3715 maxima
1103 3658 1347 3731 interpunctione,
1373 3664 1406 3713 ut

284 3752 436 3810 Bekkerus
456 3750 534 3823 lecit,
554 3752 605 3810 sed
626 3752 729 3809 media.
770 3751 827 3810 Sed
847 3769 884 3810 ne
904 3752 946 3808 sic
966 3750 1083 3821 quidem
1107 3755 1279 3823 personatus
1300 3756 1345 3808 est
1364 3749 1405 3806 lo·

285 3860 344 3902 cus.
374 3861 440 3902 nam
461 3861 547 3916 quum
568 3863 593 3902 v.
608 3853 645 3903 48
665 3845 838 3903 Mutinensis
858 3842 966 3903 habeat
978 3839 1040 3900 οὐδ’
1060 3840 1189 3907 ardinor
1201 3839 1301 3918 αραξε,
1322 3847 1406 3915 patet

286 3938 365 3997 aliud
385 3938 453 4010 quid
474 3939 625 4011 scripsisse
647 3946 734 4009 atque
753 3936 907 3995 Bekkerus
928 3936 1031 3994 edidit.
1062 3935 1139 4007 quod
1166 3934 1235 4006 quid
1255 3935 1293 3991 sit
1313 3934 1404 3991 incer·

288 4037 347 4088 tum
369 4036 441 4088 est«.
471 4030 613 4102 Equidem
634 4031 793 4088 innumeris
814 4031 976 4102 scripturae
996 4028 1074 4086 vitiis
1086 4027 1281 4087 Mutinensem
1301 4027 1405 4084 librum
