3108 4662
729 315 958 379 -106-

281 504 391 563 habent
410 510 441 563 et
460 502 643 561 adulterinae
662 508 731 560 sunt
748 503 884 562 mulieres
898 502 1082 575 speciemque
1096 505 1210 560 tantum
1223 498 1333 560 habent
1346 516 1412 558 mu·

280 600 412 657 lienum.‹
453 598 535 657 Haec
560 597 677 668 quidem
703 596 875 669 Schneider,
901 611 985 668 quem
1010 602 1126 654 secutus
1151 589 1226 672 ἦθος
1249 610 1303 666 pro
1327 589 1412 657 ελδος

281 692 407 765 παρθενί.
430 723 461 732 -
486 688 549 749 305
571 707 682 746 εννεπεν
702 689 748 760 Μ;
768 686 821 766 ἠδὲ
840 689 882 762 Μ,
902 684 949 766 ἦθ’
973 687 1030 748 NP
1042 691 1099 760 λιιι,
1126 688 1203 746 unde
1222 683 1267 764 ἦθ’
1293 687 1410 759 scripsi,

174 801 179 811 ⁴
280 782 327 862 ἡδ’
358 785 421 843 rell.
447 783 532 843 codd.
557 789 587 841 et
612 782 694 852 edd.;
715 779 846 859 ,όόεσσαν
869 782 915 854 Μς
941 780 1071 861 επιχθονλ
1096 782 1142 853 Μ;
1166 778 1283 858 ύπιοπην
1302 780 1349 850 Μ;
1369 810 1411 821 -

281 876 344 937 ³07
370 874 441 954 αἶψα
459 877 508 949 Μ·,
533 875 640 952 τόσσην
659 876 951 949 MAOLNPQR83
976 873 1154 951 θαραθὴσασα
1178 874 1262 934 codd.
1291 879 1321 931 et
1339 872 1410 931 edd.

283 987 399 1042 omnes,
419 966 595 1047 θαροήσοσα
614 969 687 1028 coni.
707 969 836 1027 Koenius
858 967 896 1027 ad
916 968 1037 1039 Gregor.
1059 968 1188 1027 Corinth.
1214 984 1242 1040 p.
1264 969 1315 1039 97,
1341 981 1411 1038 pro-

284 1064 365 1123 bavit
384 1065 490 1123 Harles
511 1069 541 1122 et
562 1062 720 1121 Schneider
739 1080 767 1135 p.
789 1068 854 1134 444,
880 1077 946 1120 nam
975 1062 1114 1121 »hicnon
1139 1062 1198 1119 iam
1218 1067 1264 1119 est
1283 1059 1410 1118 admira·

282 1158 355 1217 ticni
374 1158 464 1229 locus,
485 1158 535 1215 ubi
555 1157 625 1214 dicit
645 1155 759 1214 Helena
778 1156 853 1213 velle
873 1171 915 1228 se,
936 1155 962 1212 si
981 1171 1085 1213 revera
1105 1170 1140 1212 ex
1159 1154 1248 1213 Troia
1268 1154 1307 1212 sit
1325 1159 1410 1212 ortus

282 1249 383 1322 Paris,
405 1252 474 1309 illuc
494 1267 557 1307 eum
578 1250 669 1320 sequi.
710 1265 784 1320 quae
804 1265 861 1306 non
882 1248 1052 1306 admirantis
1072 1253 1141 1306 sunt
1158 1247 1261 1320 verba,
1286 1247 1338 1305 sed
1357 1246 1411 1306 ho·

281 1346 366 1403 minis
387 1343 556 1404 confidentis
576 1348 606 1401 et
624 1343 661 1400 ad
675 1343 806 1415 pericula
820 1342 972 1402 subeunda
991 1342 1143 1414 prompti«
1175 1341 1239 1413 Ego
1259 1342 1410 1413 vulgatam

280 1438 395 1509 retinui,
417 1455 480 1496 cum
502 1438 653 1508 sequentia
667 1436 798 1494 Helenae
819 1435 908 1494 verba
930 1451 1000 1493 sane
1015 1435 1184 1493 admirantis
1199 1435 1264 1505 sint,
1285 1441 1315 1493 et
1334 1432 1410 1510 θαμ-

167 1606 173 1619 »
277 1528 397 1607 βήσασιι
418 1530 505 1587 etiam
523 1545 566 1586 vv.
582 1529 637 1587 267
653 1534 682 1585 et
696 1534 752 1586 373
767 1525 955 1599 defendatur3
975 1560 1012 1569 -
1033 1526 1199 1584 ἀνενεικοιτο
1218 1528 1264 1599 Μ;
1286 1559 1323 1571 -—
1343 1526 1410 1585 308

280 1619 351 1677 πότε
371 1622 419 1696 Μ;
439 1619 568 1680 πυθμένα
587 1621 620 1678 Μ
640 1620 767 1692 Bekirer,
786 1620 889 1679 Lehrs.
928 1621 992 1693 Ego
1014 1637 1078 1678 cum
1098 1622 1209 1681 iuliano
1232 1621 1411 1692 reliquorum

283 1713 414 1773 codicum
435 1713 535 1790 τείχεα
554 1715 674 1787 retinui,
702 1732 766 1772 cum
791 1731 905 1773 sensum
929 1715 1071 1787 praebeat
1095 1716 1235 1789 aptiorem
1257 1721 1287 1773 et
1307 1712 1412 1793 τείχεα

281 1806 391 1882 πάτρης
404 1807 491 1865 etiam
505 1807 534 1863 in
549 1808 629 1864 exitu
643 1823 742 1865 versus
758 1808 812 1866 287
827 1809 951 1879 legatur.
965 1839 1002 1850 -
1016 1805 1080 1866 309
1095 1806 1129 1863 τὸ
1143 1805 1204 1883 πρὶν
1214 1807 1410 1880 MAOLNQR

281 1900 415 1972 Bellen,
435 1899 543 1972 Lehrs,
567 1898 605 1956 τὰ
623 1898 685 1976 πρὶν
706 1898 800 1959 PSW
820 1906 850 1958 et
869 1901 932 1959 rell.
954 1901 1034 1972 edd,
1056 1901 1141 1958 etiam
1162 1901 1264 1959 iulien.
1286 1934 1321 1941 -
1342 1900 1409 1958 εδο-

281 1992 410 2071 ρύσονπο
423 1994 465 2066 Μ,
485 1991 660 2072 ἐδωρήσατο
676 1994 743 2065 Ao.
774 1995 845 2053 Post
863 1995 939 2052 hunc
958 2011 1072 2052 versum
1085 1994 1282 2067 interrogandi
1296 1997 1411 2075 signnm

284 2093 442 2162 posuerunt
471 2087 589 2146 Bekker
623 2095 653 2146 et
682 2088 788 2171 Lelnrs,
824 2088 901 2160 quod
935 2089 1107 2164 improbavit
1136 2090 1242 2161 Iulien‚
1272 2106 1337 2148 sero
1367 2090 1411 2146 in-

284 2183 427 2253 tellegens
448 2184 488 2256 (p.
505 2187 571 2251 140)
592 2176 696 2258 ἤθελον
716 2182 764 2238 hic
777 2199 833 2241 non
854 2198 906 2257 pro
927 2183 1043 2253 volni,
1065 2182 1116 2239 sed
1136 2199 1189 2255 pro
1210 2183 1338 2240 vellem
1359 2199 1411 2256 po·

283 2275 370 2333 situm
392 2289 465 2330 esse.
486 2305 523 2315 -
543 2271 604 2331 310
629 2270 714 2330 θέλον
734 2273 767 2331 M
774 2293 781 2344 ;
807 2271 834 2349 γ’
859 2270 1014 2331 ἀθανάτων
1036 2275 1075 2346 G3
1101 2273 1267 2350 δειλάλρατα
1287 2274 1309 2334 (λ
1331 2279 1361 2332 et
1380 2295 1408 2347 ιι,

282 2367 330 2439 qui
352 2382 424 2424 corr.
445 2366 474 2422 in
500 2381 591 2438 marg.
611 2399 648 2409 —
668 2365 724 2425 311
744 2366 829 2442 νόμον
849 2369 882 2425 Μ
895 2370 936 2423 ic
955 2368 1072 2441 Ubel.,
1098 2369 1176 2439 quod
1196 2375 1293 2426 tamen
1313 2375 1409 2426 verte·

282 2465 350 2518 runt
369 2475 517 2534 pascua;
543 2457 628 2534 νοριλν
647 2461 709 2518 rell.
731 2460 814 2519 codd.
841 2467 871 2519 et
896 2463 982 2520 etiam
1007 2462 1083 2534 edd,
1103 2468 1136 2520 ut
1159 2462 1283 2520 videtur.
1323 2459 1409 2525 νομὸν

282 2550 436 2627 λιγύπνοον,
458 2555 535 2626 quod
556 2571 691 2638 pascua
704 2553 913 2627 fragrantia
927 2556 1015 2613 vertit
1028 2556 1157 2629 Lennep,
1177 2571 1312 2629 pascua
1325 2570 1409 2611 ven·

281 2653 362 2706 tosa
383 2649 529 2719 aliquanto
550 2650 651 2707 melius
668 2649 770 2718 Lenis,
791 2649 922 2722 ineptum
942 2664 1006 2706 esse
1026 2649 1099 2706 vidit
1113 2648 1272 2706 Schneider
1291 2665 1319 2722 p.
1336 2654 1407 2705 444:

286 2757 368 2798 »nam
382 2758 434 2799 cur
451 2748 599 2800 ventosum
616 2743 796 2816 potissimum
808 2744 901 2801 locum
912 2743 1016 2817 Apollo
1027 2743 1064 2801 ad
1076 2743 1252 2817 pascendum
1264 2742 1408 2814 eligeret?

285 2833 429 2889 analium
450 2834 577 2892 invenire
599 2851 664 2892 enm
683 2852 738 2893 non
752 2837 882 2909 potuisse
903 2836 1057 2910 putemus?
1083 2838 1185 2894 melius
1206 2837 1301 2896 omnia
1320 2834 1410 2893 habe-

282 2923 355 2981 bunt
375 2925 422 2983 ubi
437 2942 493 2983 uno
508 2933 618 2985 mutato
633 2934 753 2986 accentu
768 2930 967 3003 scripserimus
988 2927 1275 3005 νόμον-λιγύπνοον,
1295 2936 1329 2986 ut
1342 2929 1410 2986 Pin-

283 3018 370 3076 darus
392 3019 462 3077 dicit
481 3020 580 3078 Isthm.
602 3028 656 3079 225
678 3019 810 3097 ἁδυπνόῳ
831 3019 865 3079 τέ
884 3043 922 3080 νιν
943 3020 1104 3089 ἀσπάζοντο
1129 3027 1215 3100 φωνᾷ
1238 3028 1269 3081 et
1294 3022 1407 3098 Olymp.

284 3119 334 3182 13,
360 3119 396 3168 22
417 3110 500 3169 Μοῖρ’
526 3111 675 3179 ἁδύπνοος.
720 3116 777 3173 iarn
802 3117 857 3174 hcc
882 3116 960 3175 dicet
985 3115 1147 3175 colluthus:
1173 3116 1278 3173 vellem
1305 3132 1408 3187 cogno·

282 3206 388 3263 vissem
403 3211 433 3264 et
446 3223 537 3281 opera
550 3208 600 3266 illa
614 3209 732 3269 deorum
748 3215 778 3267 et
798 3215 940 3268 acutum
956 3210 1099 3284 Apollinis
1119 3225 1270 3281 carmen,
1291 3209 1406 3280 qnando

223 3358 227 3365 ,
282 3306 349 3358 ente
377 3306 476 3374 portes
507 3309 678 3373 sequeretur
701 3302 815 3361 boves«
845 3336 877 3344 —
912 3300 973 3359 οἷον
998 3300 1232 3377 όμοιολιγύπνααν
1257 3301 1303 3373 Μ,
1330 3301 1407 3358 unde

285 3391 429 3468 oleoducto
449 3410 501 3467 pro
522 3395 699 3466 reliquorum
719 3395 848 3453 codicum
871 3401 900 3453 et
921 3395 1060 3453 editorem
1076 3393 1218 3450 οἰοπόλοιο
1236 3399 1409 3468 receperunt

281 3486 413 3557 Beliker,
439 3485 547 3557 Lehrs3
573 3493 666 3559 recte,
692 3504 757 3545 cum
782 3485 925 3544 οἰοπόλοιο
950 3487 1028 3561 apud
1052 3493 1181 3545 nostrum
1207 3503 1263 3544 non
1290 3488 1347 3544 nisi
1372 3487 1409 3544 de

282 3579 369 3637 rebus
389 3578 523 3636 inanimis
545 3579 666 3637 dicatur.
696 3578 839 3636 ολοπύλοιο
853 3587 974 3655 propter
988 3581 1133 3652 ingratum
1146 3582 1179 3640 M
1194 3581 1261 3639 libri
1274 3581 1408 3638 lectionis

283 3688 383 3731 sonum
406 3672 528 3729 retinuit
552 3672 653 3729 Iulien.
681 3705 715 3714 -
736 3669 796 3730 312
823 3670 895 3730 θεοῦ
917 3670 1054 3748 μεγάλοις
1078 3690 1131 3745 pro
1157 3670 1342 3749 θεοδμήτοισι
1367 3671 1407 3743 G;

281 3794 528 3875 παραπροθύροισι
551 3799 598 3869 Μ,
623 3799 783 3878 προμολῇσι
808 3799 974 3871 AGLNQ,
1000 3761 1158 3877 προόῧλῆσι
1182 3800 1222 3872 R,
1248 3798 1409 3876 προμολῇσι

280 3892 421 3965 PSVW,
442 3898 472 3950 et
492 3893 558 3951 edd.
577 3893 645 3951 inde
659 3910 676 3951 a
689 3894 854 3965 Lennepi03
874 3895 1011 3964 antiquae
1032 3892 1097 3950 edd.
1117 3892 1279 3970 προβολῇσι
1298 3892 1406 3950 habue-

280 3993 357 4045 runt.
402 3987 435 4044 M
460 3986 527 4044 libri
551 3983 721 4069 προθύροισι
746 3984 984 4060 praeferendum,
1011 3991 1041 4044 et
1067 3985 1245 4044 deteriorum
1270 3986 1407 4046 librorum
